2766 3426
732 660 1808 727 smhmmmuimpuwmpoenn,

778 738 784 745 ⁴
880 740 1849 802 smmmnmwmfflvmmn

0 1186 24 1381 κεἫἾ

777 921 951 972 Quaeris,
979 908 1244 973 Dentophoom
1273 922 1458 964 cursim
1461 907 1553 965 fisa
1577 921 1714 973 mollis
1740 922 1783 962 in
1808 923 1967 963 omnis?
2265 956 2268 959 .

564 1008 717 1049 Nomen
754 1006 892 1048 fictum
933 1017 1019 1047 esne
1055 1006 1097 1047 et
1134 990 1258 1046 latere
1292 1005 1364 1047 sub
1399 986 1521 1068 ΕΒ
1527 992 2253 1075 hnoappellafionenonGraoalmn

406 1093 597 1146 quendam
623 1093 705 1144 sed
719 1092 889 1134 amicum
915 1090 1240 1154 Romanastirpe
1266 1091 1419 1139 οτῑιιηις
1424 1088 2257 1148 mmmmm-operuimus

405 1169 514 1211 velut
551 1169 708 1234 Tullus,
747 1168 904 1218 Gallus,
933 1168 1132 1216 Ponticus,
1167 1167 1252 1208 iure
1286 1167 1421 1208 nostro
1450 1173 1627 1211 m
1635 1168 1750 1210 nobis
1782 1169 1887 1210 lieet.
1940 1169 2115 1213 Invaluit
2150 1170 2257 1212 enirn

403 1255 606 1308 Augustea
631 1238 759 1297 aetate
786 1265 873 1311 mos
902 1264 977 1306 quo
1003 1252 1182 1295 homines
1208 1250 1314 1301 Itali,
1338 1263 1421 1293 non
1428 1246 1519 1305 quo
1541 1234 1647 1295 tecto
1673 1255 1830 1296 nomine
1856 1255 1982 1297 tutius
2009 1255 2150 1298 lacessi
2166 1269 2256 1311 pos—

365 1353 367 1356 *
407 1341 498 1389 sint,
541 1341 608 1381 sed
649 1340 761 1392 quasi
795 1338 954 1380 honoris
993 1349 1130 1380 caussa
1166 1339 1208 1380 in
1238 1340 1451 1380 amicorum
1486 1336 1636 1381 lusibus
1671 1341 1834 1393 poeticis
1860 1342 2081 1383 nominibus
2106 1344 2257 1395 graecis

406 1427 650 1466 notabantur.
711 1425 769 1465 Ea
799 1426 932 1465 autem
964 1426 1123 1465 nomina
1156 1436 1245 1467 cum
1278 1427 1435 1478 propter
1458 1425 1745 1466 diversissimas
1774 1427 1943 1467 rationes
1968 1429 2117 1480 imponi
2142 1432 2256 1481 potu·

408 1513 510 1552 erint
543 1523 697 1564 perraro
730 1511 842 1551 nobis
876 1522 966 1551 vera
993 1512 1196 1552 hominum
1222 1513 1379 1553 nomina
1406 1512 1587 1563 indagare
1614 1512 1720 1559 licet,
1750 1513 1853 1552 sicut
1877 1513 2136 1566 Bambergero
2166 1528 2256 1555 con-

407 1597 502 1649 tigit
530 1600 575 1637 ut
602 1596 702 1650 apud
728 1596 938 1636 Horatium
965 1597 1036 1636 sub
1065 1596 1227 1649 Telephi
1253 1609 1415 1649 persona
1442 1598 1563 1637 latere
1591 1597 1836 1636 Proculeium
1864 1610 1908 1637 ex
1936 1600 2060 1638 simili
2091 1602 2256 1640 vocabu-

408 1682 535 1724 lorum
589 1683 871 1736 significatione
925 1683 1125 1722 ostendere
1174 1686 1315 1735 posset.
1416 1685 1603 1723 Attamen
1639 1683 1974 1734 Demophoontem
2017 1687 2131 1726 illum
2170 1688 2256 1737 quis

408 1768 525 1809 fuerit
563 1769 640 1809 nisi
679 1770 926 1810 vehementer
965 1768 1079 1809 iallor
1117 1768 1380 1809 demonstrare
1416 1780 1585 1821 possum.
1653 1767 1863 1808 Notissimi
1900 1770 2003 1809 enim
2039 1774 2130 1811 sunt
2157 1774 2257 1824 apud

408 1854 630 1906 Augusteae
649 1856 789 1895 aetatis
816 1856 950 1907 poetas
966 1854 1272 1906 Demophoontis
1299 1855 1415 1905 atque
1434 1854 1636 1906 Phyllidos
1663 1865 1825 1901 amores,
1854 1856 1953 1896 unde
1975 1856 2136 1897 Ovidius
2157 1858 2258 1909 epis-

409 1940 515 1980 tulae
555 1941 716 1981 alterius
752 1942 1025 1993 argumentum
1052 1942 1230 1992 sumpsit,
1271 1953 1441 1991 quosque
1475 1941 1698 1991 Propertius
1741 1953 1828 1981 cum
1857 1941 1996 1982 Thesei
2041 1947 2258 1995 composuit

368 2038 379 2045 ·
408 2027 588 2078 perfidia:

678 2114 801 2152 Parvo
831 2113 968 2152 dilexit
995 2113 1120 2163 spatio
1149 2112 1322 2151 Minoida
1349 2111 1521 2150 Theseus

780 2197 961 2250 Phyllida
989 2197 1253 2248 Demophoon,
1283 2198 1421 2247 hospes
1448 2196 1609 2246 uterque
1635 2196 1761 2234 malus
1790 2196 1867 2247 [III
1895 2198 1956 2243 24,
1986 2199 2065 2252 43]-

411 2283 606 2335 Singulari
644 2297 733 2323 vero
776 2284 945 2323 carmine
984 2283 1081 2322 hanc
1116 2283 1287 2322 fabulam
1321 2282 1556 2321 tractaverat
1595 2292 1693 2320 unus
1739 2293 1783 2320 ex
1820 2282 1950 2322 Ovidii
1992 2284 2258 2336 Propertiique

410 2369 646 2418 aequalibus,
676 2370 777 2407 sicut
807 2381 851 2407 ex
878 2369 1078 2419 poetarum
1110 2368 1217 2406 illius
1253 2367 1393 2405 aetatis
1421 2368 1707 2405 enumeratione
1740 2368 1840 2417 apud
1868 2369 2053 2409 Ovidium
2080 2372 2182 2421 [epp.
2213 2383 2256 2409 ex

411 2453 536 2492 Ponto
563 2453 618 2492 lV
649 2455 709 2501 16,
741 2454 805 2508 20]
837 2454 1039 2493 discimus:

575 2531 577 2533 ’
729 2539 879 2591 Quique
906 2540 1011 2579 canit
1039 2539 1228 2577 domitam
1258 2536 1485 2575 Camerinus
1512 2535 1560 2574 ab
1589 2535 1754 2574 Hercule
1783 2536 1940 2575 Troiam

829 2626 979 2677 Quique
1011 2636 1080 2665 sua
1106 2635 1269 2664 nomen
1297 2622 1479 2674 Phyllide
1504 2621 1686 2660 Tuscus
1717 2623 1842 2661 habet.

412 2706 548 2747 Nonne
577 2711 756 2760 agnoscis
781 2710 1116 2763 Demophoontem
1139 2707 1360 2760 Propertii?

1107 2840 1133 2843 -
1203 2838 1210 2841 Δ
1227 2831 1457 2845 -jm—
1468 2836 1569 2838 im-n
