2701 3278
467 775 469 777 ’
531 774 578 813 In
602 772 861 812 nobilissimo
893 773 964 812 1110
994 773 1167 820 σαι-1111110
1202 753 1531 825 quoPropertms
1568 772 1714 820 funeris
1756 773 1818 812 sui
1853 774 1942 812 aeta
1980 772 2225 822 formamque

371 857 604 911 praeseribit
636 837 829 911 [11115]‚
866 856 1032 908 sepum·
1067 856 1170 909 apua
1203 845 1565 909 mmmmm
1587 856 1792 909 auspicans
1816 856 1868 897 ad
1894 857 2105 909 cynthiam
2130 866 2225 896 oon-

302 936 304 938 ’
366 948 492 983 verso.
512 952 689 982 sermone
715 939 826 982 addit
852 939 929 993 [39.
950 942 1050 993 sq.]:

715 1025 776 1065 Tu
801 1035 953 1078 quoque
980 1026 1016 1066 si
1042 1025 1193 1079 quando
1222 1025 1428 1088 venies-sd
1452 1026 1544 1074 fata,
1573 1029 1782 1075 memento,

821 1110 909 1155 Hoc
934 1110 1011 1151 iter
1036 1110 1087 1151 ad
1112 1109 1262 1164 lapides
1288 1086 1397 1159 anag
1410 1111 1500 1161 voni
1524 1086 1729 1151 memores.

767 1196 920 1236 Interea
960 1207 1054 1236 eave
1092 1196 1148 1236 sis
1190 1208 1261 1236 nos
1298 1188 1502 1253 προήκω
1537 1197 1731 1249 sepultos:

819 1280 909 1321 Non
926 1280 1027 1320 nihil
1050 1280 1102 1321 ad
1133 1292 1265 1321 verum
1292 1282 1446 1321 conseia
1471 1283 1575 1322 terra
1602 1282 1717 1333 sapit.

365 1367 522 1406 Primus
548 1364 873 1417 quemadmodum
899 1365 996 1405 haee
1018 1365 1279 1417 intellegenda
1305 1365 1386 1406 sint
1402 1367 1598 1419 perspexit
1615 1366 1895 1413 Lachmannus‚
1916 1376 2004 1406 cum
2024 1366 2081 1406 ita
2098 1367 2220 1407 inter.

365 1451 598 1504 pretatetur:
627 1449 699 1506 ‘Tu
721 1461 871 1501 quoque
898 1461 987 1489 eum
1016 1450 1207 1498 morieris,
1232 1451 1301 1491 illo
1331 1463 1508 1504 supremo
1534 1452 1673 1492 mortis
1699 1451 1838 1490 itinere
1856 1450 1905 1490 ad
1923 1452 2218 1491 monumentum

366 1537 543 1576 nostrum
577 1535 617 1574 te
654 1533 824 1574 conferre
851 1533 1072 1585 ibidemque
1100 1536 1278 1588 componi
1306 1535 1552 1577 memineris’.
1607 1536 1793 1575 Attamen
1821 1535 1863 1574 in
1889 1534 1962 1574 hac
1988 1535 2219 1587 interpreta-

365 1623 473 1661 tione
510 1619 550 1660 id
580 1619 682 1658 male
720 1630 783 1658 me
818 1619 936 1659 habet
972 1620 1072 1671 quod
1106 1620 1374 1661 Lachmannus
1409 1621 1494 1660 ⁴hoe
1528 1620 1612 1660 iter'
1640 1620 1685 1659 de
1714 1621 1851 1659 itinere
1881 1620 1950 1659 1110
1978 1620 2217 1659 tenebricoso

365 1706 465 1744 unde
493 1704 636 1754 negant
663 1704 787 1743 redire
814 1715 1046 1755 quemquam
1073 1706 1221 1745 dictum
1248 1717 1331 1745 esse
1359 1707 1510 1745 statuit.
1564 1705 1762 1744 Nimirum
1786 1706 1881 1743 haec
1903 1704 2107 1743 translatio
2134 1706 2218 1743 tur-

365 1791 479 1831 batur
513 1800 557 1829 eo
586 1788 687 1839 quod
713 1788 937 1840 Propertius
965 1789 1081 1829 finem
1107 1801 1180 1842 quo
1208 1791 1283 1831 iter
1310 1790 1408 1830 illud
1435 1789 1679 1842 dirigendum
1706 1790 1760 1829 sit
1787 1788 1947 1836 addidit,
1975 1789 2125 1829 scilieet
2153 1789 2218 1829 ‘ad

367 1875 516 1928 lapides
552 1873 771 1921 memores’,
805 1885 879 1924 quo
909 1874 1171 1915 additamento
1201 1887 1245 1915 ex
1272 1875 1362 1916 Oroi
1388 1876 1558 1916 tenebris
1585 1875 1626 1915 in
1654 1875 1752 1915 hanc
1778 1875 1904 1915 lucem
1931 1875 2046 1925 atque
2074 1875 2218 1914 terram

367 1972 602 2001 revocamur.
658 1960 717 1998 Ao
744 1959 778 1998 si
805 1960 892 2009 quis
920 1960 992 1998 1100
1020 1971 1064 1999 ex
1083 1960 1248 2000 notabili
1270 1960 1339 1999 illa
1354 1961 1634 2012 cogitationum
1658 1960 1878 1999 contusione
1898 1959 2083 2010 explicari
2102 1971 2215 2010 posse

370 2044 586 2090 crediderit,
616 2055 690 2093 qua
705 2045 927 2095 Augusteae
956 2047 1096 2085 aetatis
1121 2047 1257 2097 poetae
1285 2058 1329 2085 ea
1352 2057 1448 2096 quae
1476 2045 1524 2084 ad
1552 2045 1761 2084 inferorum
1785 2055 1902 2095 regna
1916 2045 2110 2094 pertinent
2128 2056 2216 2083 cum

368 2133 622 2170 humanarum
658 2130 923 2181 exsequiarum
960 2131 1099 2170 ritibus
1134 2130 1364 2181 permiscere
1400 2131 1543 2176 solent,
1579 2130 1658 2169 iam
1685 2129 1762 2168 alia
1787 2130 1961 2167 remanet
1989 2128 2216 2173 difficultas3

368 2215 630 2255 Confidentius
669 2215 772 2254 enim
810 2214 1076 2255 Lachmannus
1119 2217 1204 2255 ‘hoo
1231 2215 1306 2255 iter
1334 2240 1363 2246 —«
1411 2215 1511 2254 veui'
1550 2218 1653 2254 recte
1691 2215 1839 2253 dictum
1884 2224 1967 2251 esse
2006 2213 2214 2251 contendit.

368 2312 464 2351 quae
499 2301 602 2339 enim
635 2299 778 2339 adtulit
815 2301 989 2351 exempla
1026 2308 1221 2353 ‘magnum
1249 2301 1323 2340 iter
1350 2300 1537 2347 aseendo',
1576 2301 1747 2350 ‘longum
1775 2300 1849 2338 iter
1867 2297 2081 2349 proficisci',
2113 2304 2215 2337 ‘oon-

368 2396 519 2423 cessum
559 2385 635 2423 iter
672 2383 818 2428 redire',
861 2386 948 2423 ‘iter
974 2386 1147 2436 gradiri',
1191 2397 1236 2424 ea
1269 2386 1388 2424 aliam
1426 2391 1636 2436 sequuntur
1668 2385 1877 2429 rationem,
1918 2383 1953 2420 si
1991 2382 2146 2432 quidem
2174 2384 2214 2421 in

368 2468 546 2508 omnibus
576 2468 637 2507 his
666 2469 792 2509 verbis
821 2470 959 2509 eundi
988 2471 1094 2509 notio
1124 2471 1183 2510 est
1209 2470 1405 2522 primaria,
1434 2481 1530 2521 quae
1557 2470 1604 2509 ab
1633 2467 1859 2509 veniendi
1886 2467 2071 2507 vocabulo
2091 2467 2211 2506 abest.

367 2552 479 2591 Hanc
512 2563 600 2591 vero
634 2552 884 2593 offensionem
919 2555 985 2604 qui
1018 2554 1074 2593 ita
1108 2554 1252 2593 evitare
1281 2554 1483 2594 voluerunt
1509 2555 1573 2601 ut,
1610 2553 1711 2592 siout
1738 2552 1979 2604 nuperrimus
2005 2550 2129 2590 editor
2155 2551 2215 2589 in-

369 2636 514 2683 stituit,
543 2647 758 2678 sermonem
785 2640 874 2690 post
902 2638 999 2678 ‘iter'
1029 2639 1180 2690 plenius
1209 2638 1491 2691 distinguerent
1517 2638 1556 2677 et
1581 2637 1791 2677 scriberent

766 2724 825 2763 Tu
852 2736 1001 2776 quoque
1029 2725 1063 2764 si
1091 2725 1240 2776 quando
1267 2725 1398 2765 venies
1426 2724 1474 2764 ad
1502 2724 1593 2770 iata,
1623 2724 1817 2763 memento

841 2812 913 2849 hoc
940 2811 1031 2849 iter:
1063 2810 1113 2849 ad
1139 2810 1285 2861 lapides
1314 2820 1408 2849 mna
1435 2810 1522 2849 veni
1549 2820 1752 2863 memores.
