<?xml version="1.0" encoding="UTF-8"?>
<!DOCTYPE html PUBLIC "-//W3C//DTD XHTML 1.0 Transitional//EN"
    "http://www.w3.org/TR/xhtml1/DTD/xhtml1-transitional.dtd">
<html xmlns="http://www.w3.org/1999/xhtml" xml:lang="en" lang="en">
 <head>
  <title>
</title>
<meta http-equiv="Content-Type" content="text/html;charset=utf-8" />
  <meta name='ocr-system' content='tesseract 3.04.00' />
  <meta name='ocr-capabilities' content='ocr_page ocr_carea ocr_par ocr_line ocrx_word'/>
</head>
<body>
  <div class='ocr_page' id='page_1' title='image "./4777370_0015.png"; bbox 0 0 2766 3426; ppageno 0'>
   <div class='ocr_carea' id='block_1_1' title="bbox 0 0 2756 867">
    <p class='ocr_par' dir='ltr' id='par_1_1' title="bbox 0 0 2756 867">
     <span class='ocr_line' id='line_1_1' title="bbox 0 0 2756 867; baseline 0 0"><span class='ocrx_word' id='word_1_1' title='bbox 0 0 2756 867; x_wconf 95' lang='lat' dir='ltr'><strong> </strong></span> 
     </span>
    </p>
   </div>
   <div class='ocr_carea' id='block_1_2' title="bbox 0 3373 334 3426">
    <p class='ocr_par' dir='ltr' id='par_1_2' title="bbox 0 3373 334 3426">
     <span class='ocr_line' id='line_1_2' title="bbox 0 3373 334 3426; baseline 0 0"><span class='ocrx_word' id='word_1_2' title='bbox 0 3373 334 3426; x_wconf 95' lang='lat' dir='ltr'><strong> </strong></span> 
     </span>
    </p>
   </div>
   <div class='ocr_carea' id='block_1_3' title="bbox 418 883 2220 952">
    <p class='ocr_par' dir='ltr' id='par_1_3' title="bbox 418 883 2220 952">
     <span class='ocr_line' id='line_1_3' title="bbox 418 883 2220 952; baseline -0.002 -21"><span class='ocrx_word' id='word_1_3' title='bbox 418 894 420 896; x_wconf 64' lang='grc'><strong>“</strong></span> <span class='ocrx_word' id='word_1_4' title='bbox 462 891 481 942; x_wconf 68' lang='lat' dir='ltr'><em>J</em></span> <span class='ocrx_word' id='word_1_5' title='bbox 527 890 574 930; x_wconf 85' lang='lat' dir='ltr'><strong>In</strong></span> <span class='ocrx_word' id='word_1_6' title='bbox 597 885 857 942; x_wconf 67' lang='lat' dir='ltr'><strong>nebiimimo</strong></span> <span class='ocrx_word' id='word_1_7' title='bbox 889 888 960 929; x_wconf 81' lang='lat' dir='ltr'><strong>illo</strong></span> <span class='ocrx_word' id='word_1_8' title='bbox 988 889 1164 937; x_wconf 61' lang='lat' dir='ltr'><strong>nurnine</strong></span> <span class='ocrx_word' id='word_1_9' title='bbox 1198 899 1294 941; x_wconf 81' lang='lat' dir='ltr'><strong>quo</strong></span> <span class='ocrx_word' id='word_1_10' title='bbox 1285 883 1527 942; x_wconf 67' lang='lat' dir='ltr'><strong>Propertius</strong></span> <span class='ocrx_word' id='word_1_11' title='bbox 1561 888 1710 936; x_wconf 73' lang='lat' dir='ltr'><strong>funeris</strong></span> <span class='ocrx_word' id='word_1_12' title='bbox 1751 889 1814 929; x_wconf 82' lang='lat' dir='ltr'><strong>sui</strong></span> <span class='ocrx_word' id='word_1_13' title='bbox 1848 890 1938 929; x_wconf 58' lang='lat' dir='ltr'><strong>aeta</strong></span> <span class='ocrx_word' id='word_1_14' title='bbox 1976 888 2220 952; x_wconf 61' lang='lat' dir='ltr'><strong>formamque</strong></span> 
     </span>
    </p>
   </div>
   <div class='ocr_carea' id='block_1_4' title="bbox 360 950 2220 2897">
    <p class='ocr_par' dir='ltr' id='par_1_4' title="bbox 367 950 2220 1367">
     <span class='ocr_line' id='line_1_4' title="bbox 367 950 2220 1040; baseline -0.002 -23"><span class='ocrx_word' id='word_1_15' title='bbox 367 974 602 1028; x_wconf 74' lang='lat' dir='ltr'><strong>praeseribit</strong></span> <span class='ocrx_word' id='word_1_16' title='bbox 630 959 710 1040; x_wconf 72' lang='grc' dir='ltr'><strong>[ΙΠ</strong></span> <span class='ocrx_word' id='word_1_17' title='bbox 735 951 825 1030; x_wconf 60' lang='lat'><strong>1241,</strong></span> <span class='ocrx_word' id='word_1_18' title='bbox 861 950 1051 1032; x_wconf 74' lang='lat' dir='ltr'><strong>sepuleri</strong></span> <span class='ocrx_word' id='word_1_19' title='bbox 1062 972 1166 1026; x_wconf 75' lang='lat' dir='ltr'><strong>apud</strong></span> <span class='ocrx_word' id='word_1_20' title='bbox 1199 975 1407 1026; x_wconf 66' lang='lat' dir='ltr'><strong>posteros</strong></span> <span class='ocrx_word' id='word_1_21' title='bbox 1400 970 1561 1016; x_wconf 62' lang='lat' dir='ltr'><strong>fimum</strong></span> <span class='ocrx_word' id='word_1_22' title='bbox 1582 973 1788 1026; x_wconf 63' lang='lat' dir='ltr'><strong>:uspiam</strong></span> <span class='ocrx_word' id='word_1_23' title='bbox 1812 973 1864 1014; x_wconf 75' lang='lat' dir='ltr'><strong>ad</strong></span> <span class='ocrx_word' id='word_1_24' title='bbox 1890 973 2101 1027; x_wconf 72' lang='lat' dir='ltr'><strong>Cynthinm</strong></span> <span class='ocrx_word' id='word_1_25' title='bbox 2125 983 2220 1014; x_wconf 79' lang='lat' dir='ltr'><strong>oon-</strong></span> 
     </span>
     <span class='ocr_line' id='line_1_5' title="bbox 367 1048 1046 1112; baseline -0.002 -11"><span class='ocrx_word' id='word_1_26' title='bbox 367 1071 489 1102; x_wconf 86' lang='lat' dir='ltr'><strong>verso</strong></span> <span class='ocrx_word' id='word_1_27' title='bbox 507 1048 684 1101; x_wconf 75' lang='lat' dir='ltr'><strong>sermone</strong></span> <span class='ocrx_word' id='word_1_28' title='bbox 709 1057 822 1101; x_wconf 64' lang='lat' dir='ltr'><strong>addit</strong></span> <span class='ocrx_word' id='word_1_29' title='bbox 847 1057 924 1111; x_wconf 82' lang='grc'><strong>[39</strong></span> <span class='ocrx_word' id='word_1_30' title='bbox 946 1060 1046 1112; x_wconf 69' lang='lat' dir='ltr'><strong>qu:</strong></span> 
     </span>
     <span class='ocr_line' id='line_1_6' title="bbox 709 1123 1778 1211; baseline 0.001 -27"><span class='ocrx_word' id='word_1_31' title='bbox 709 1143 771 1184; x_wconf 77' lang='lat' dir='ltr'><strong>&#39;l&#39;u</strong></span> <span class='ocrx_word' id='word_1_32' title='bbox 797 1153 949 1197; x_wconf 75' lang='lat' dir='ltr'><strong>quoque</strong></span> <span class='ocrx_word' id='word_1_33' title='bbox 976 1144 1012 1206; x_wconf 79' lang='lat' dir='ltr'><strong>si</strong></span> <span class='ocrx_word' id='word_1_34' title='bbox 1037 1143 1189 1197; x_wconf 70' lang='lat' dir='ltr'><strong>quando</strong></span> <span class='ocrx_word' id='word_1_35' title='bbox 1217 1123 1348 1211; x_wconf 48' lang='lat' dir='ltr'><strong>§enies</strong></span> <span class='ocrx_word' id='word_1_36' title='bbox 1362 1131 1423 1185; x_wconf 64' lang='lat' dir='ltr'><strong>od</strong></span> <span class='ocrx_word' id='word_1_37' title='bbox 1447 1144 1539 1193; x_wconf 62' lang='lat' dir='ltr'><strong>fita,</strong></span> <span class='ocrx_word' id='word_1_38' title='bbox 1567 1147 1778 1209; x_wconf 81' lang='lat' dir='ltr'><strong>memento,</strong></span> 
     </span>
     <span class='ocr_line' id='line_1_7' title="bbox 816 1218 1725 1283; baseline 0 -14"><span class='ocrx_word' id='word_1_39' title='bbox 816 1228 904 1273; x_wconf 75' lang='lat' dir='ltr'><strong>Hoc</strong></span> <span class='ocrx_word' id='word_1_40' title='bbox 929 1228 1007 1269; x_wconf 85' lang='lat' dir='ltr'><strong>iter</strong></span> <span class='ocrx_word' id='word_1_41' title='bbox 1030 1228 1082 1269; x_wconf 64' lang='lat' dir='ltr'><strong>nd</strong></span> <span class='ocrx_word' id='word_1_42' title='bbox 1107 1227 1257 1282; x_wconf 78' lang='lat' dir='ltr'><strong>lapidee</strong></span> <span class='ocrx_word' id='word_1_43' title='bbox 1283 1239 1390 1277; x_wconf 68' lang='lat' dir='ltr'><strong>mna</strong></span> <span class='ocrx_word' id='word_1_44' title='bbox 1406 1229 1495 1283; x_wconf 70' lang='lat' dir='ltr'><strong>veni</strong></span> <span class='ocrx_word' id='word_1_45' title='bbox 1519 1218 1725 1270; x_wconf 75' lang='lat' dir='ltr'><strong>memores.</strong></span> 
     </span>
     <span class='ocr_line' id='line_1_8' title="bbox 762 1304 1726 1367; baseline 0.002 -14"><span class='ocrx_word' id='word_1_46' title='bbox 762 1314 915 1354; x_wconf 76' lang='lat' dir='ltr'><strong>Interea</strong></span> <span class='ocrx_word' id='word_1_47' title='bbox 955 1324 1049 1354; x_wconf 82' lang='lat' dir='ltr'><strong>eave</strong></span> <span class='ocrx_word' id='word_1_48' title='bbox 1087 1313 1144 1354; x_wconf 80' lang='lat' dir='ltr'><strong>sis</strong></span> <span class='ocrx_word' id='word_1_49' title='bbox 1185 1325 1256 1354; x_wconf 83' lang='lat' dir='ltr'><strong>nos</strong></span> <span class='ocrx_word' id='word_1_50' title='bbox 1293 1304 1497 1366; x_wconf 75' lang='lat' dir='ltr'><strong>espermte</strong></span> <span class='ocrx_word' id='word_1_51' title='bbox 1532 1315 1726 1367; x_wconf 76' lang='lat' dir='ltr'><strong>sepultos:</strong></span> 
     </span>
    </p>

    <p class='ocr_par' dir='ltr' id='par_1_5' title="bbox 360 1396 2215 2814">
     <span class='ocr_line' id='line_1_9' title="bbox 814 1396 1712 1450; baseline 0.001 -12"><span class='ocrx_word' id='word_1_52' title='bbox 814 1396 904 1438; x_wconf 87' lang='lat' dir='ltr'><strong>Non</strong></span> <span class='ocrx_word' id='word_1_53' title='bbox 921 1397 1022 1438; x_wconf 87' lang='lat' dir='ltr'>nihil</span> <span class='ocrx_word' id='word_1_54' title='bbox 1045 1396 1098 1439; x_wconf 81' lang='lat' dir='ltr'><strong>ad</strong></span> <span class='ocrx_word' id='word_1_55' title='bbox 1128 1409 1260 1438; x_wconf 80' lang='lat' dir='ltr'><strong>verum</strong></span> <span class='ocrx_word' id='word_1_56' title='bbox 1287 1398 1454 1439; x_wconf 76' lang='lat' dir='ltr'><strong>oonsoia</strong></span> <span class='ocrx_word' id='word_1_57' title='bbox 1467 1399 1571 1440; x_wconf 79' lang='lat' dir='ltr'><strong>terra</strong></span> <span class='ocrx_word' id='word_1_58' title='bbox 1598 1398 1712 1450; x_wconf 78' lang='lat' dir='ltr'><strong>sapit.</strong></span> 
     </span>
     <span class='ocr_line' id='line_1_10' title="bbox 361 1482 2215 1537; baseline 0.001 -13"><span class='ocrx_word' id='word_1_59' title='bbox 361 1484 518 1524; x_wconf 80' lang='lat' dir='ltr'><strong>Primus</strong></span> <span class='ocrx_word' id='word_1_60' title='bbox 544 1482 869 1535; x_wconf 87' lang='lat' dir='ltr'><strong>quemadm0dnm</strong></span> <span class='ocrx_word' id='word_1_61' title='bbox 894 1483 991 1522; x_wconf 81' lang='lat' dir='ltr'><strong>haec</strong></span> <span class='ocrx_word' id='word_1_62' title='bbox 1013 1482 1275 1535; x_wconf 85' lang='lat' dir='ltr'><strong>intellegenda</strong></span> <span class='ocrx_word' id='word_1_63' title='bbox 1300 1483 1381 1524; x_wconf 88' lang='lat' dir='ltr'><strong>sint</strong></span> <span class='ocrx_word' id='word_1_64' title='bbox 1397 1485 1593 1537; x_wconf 75' lang='lat' dir='ltr'><strong>perspexit</strong></span> <span class='ocrx_word' id='word_1_65' title='bbox 1610 1483 1890 1531; x_wconf 63' lang='lat' dir='ltr'><strong>Iaohmnnus‚</strong></span> <span class='ocrx_word' id='word_1_66' title='bbox 1910 1495 1999 1524; x_wconf 82' lang='lat' dir='ltr'><strong>cum</strong></span> <span class='ocrx_word' id='word_1_67' title='bbox 2018 1484 2076 1524; x_wconf 83' lang='lat' dir='ltr'><strong>ita</strong></span> <span class='ocrx_word' id='word_1_68' title='bbox 2093 1484 2215 1525; x_wconf 82' lang='lat' dir='ltr'><strong>inter.</strong></span> 
     </span>
     <span class='ocr_line' id='line_1_11' title="bbox 361 1547 2213 1624; baseline -0.001 -14"><span class='ocrx_word' id='word_1_69' title='bbox 361 1570 594 1622; x_wconf 78' lang='lat' dir='ltr'><strong>pretaretur:</strong></span> <span class='ocrx_word' id='word_1_70' title='bbox 623 1567 695 1624; x_wconf 73' lang='lat' dir='ltr'><strong>‘&#39;l&#39;u</strong></span> <span class='ocrx_word' id='word_1_71' title='bbox 717 1579 867 1619; x_wconf 91' lang='lat' dir='ltr'><strong>quoque</strong></span> <span class='ocrx_word' id='word_1_72' title='bbox 893 1579 982 1608; x_wconf 83' lang='lat' dir='ltr'><strong>oum</strong></span> <span class='ocrx_word' id='word_1_73' title='bbox 1011 1568 1202 1616; x_wconf 83' lang='lat' dir='ltr'><strong>morieris,</strong></span> <span class='ocrx_word' id='word_1_74' title='bbox 1227 1569 1297 1609; x_wconf 90' lang='lat' dir='ltr'><strong>illo</strong></span> <span class='ocrx_word' id='word_1_75' title='bbox 1326 1547 1503 1622; x_wconf 83' lang='lat' dir='ltr'><strong>supremo</strong></span> <span class='ocrx_word' id='word_1_76' title='bbox 1529 1570 1668 1610; x_wconf 89' lang='lat' dir='ltr'><strong>mortis</strong></span> <span class='ocrx_word' id='word_1_77' title='bbox 1694 1569 1833 1608; x_wconf 90' lang='lat' dir='ltr'><strong>itinere</strong></span> <span class='ocrx_word' id='word_1_78' title='bbox 1851 1568 1900 1608; x_wconf 84' lang='lat' dir='ltr'><strong>ad</strong></span> <span class='ocrx_word' id='word_1_79' title='bbox 1917 1570 2213 1609; x_wconf 80' lang='lat' dir='ltr'><strong>monumentum</strong></span> 
     </span>
     <span class='ocr_line' id='line_1_12' title="bbox 362 1652 2214 1707; baseline 0 -13"><span class='ocrx_word' id='word_1_80' title='bbox 362 1655 539 1694; x_wconf 88' lang='lat' dir='ltr'><strong>nostrum</strong></span> <span class='ocrx_word' id='word_1_81' title='bbox 572 1654 613 1693; x_wconf 92' lang='lat' dir='ltr'><strong>te</strong></span> <span class='ocrx_word' id='word_1_82' title='bbox 650 1652 820 1693; x_wconf 76' lang='lat' dir='ltr'><strong>conferre</strong></span> <span class='ocrx_word' id='word_1_83' title='bbox 846 1652 1068 1704; x_wconf 87' lang='lat' dir='ltr'><strong>ibidemque</strong></span> <span class='ocrx_word' id='word_1_84' title='bbox 1095 1655 1273 1707; x_wconf 82' lang='lat' dir='ltr'><strong>componi</strong></span> <span class='ocrx_word' id='word_1_85' title='bbox 1301 1654 1547 1696; x_wconf 83' lang='lat' dir='ltr'><strong>memineris&#39;.</strong></span> <span class='ocrx_word' id='word_1_86' title='bbox 1603 1655 1788 1695; x_wconf 79' lang='lat' dir='ltr'><strong>Attamen</strong></span> <span class='ocrx_word' id='word_1_87' title='bbox 1816 1654 1858 1694; x_wconf 91' lang='lat' dir='ltr'><strong>in</strong></span> <span class='ocrx_word' id='word_1_88' title='bbox 1884 1652 1957 1694; x_wconf 84' lang='lat' dir='ltr'><strong>hae</strong></span> <span class='ocrx_word' id='word_1_89' title='bbox 1983 1654 2214 1706; x_wconf 88' lang='lat' dir='ltr'><strong>interpreta-</strong></span> 
     </span>
     <span class='ocr_line' id='line_1_13' title="bbox 361 1738 2212 1791; baseline -0.001 -10"><span class='ocrx_word' id='word_1_90' title='bbox 361 1742 469 1781; x_wconf 89' lang='lat' dir='ltr'><strong>tione</strong></span> <span class='ocrx_word' id='word_1_91' title='bbox 506 1739 546 1780; x_wconf 92' lang='lat' dir='ltr'><strong>id</strong></span> <span class='ocrx_word' id='word_1_92' title='bbox 576 1739 678 1779; x_wconf 84' lang='lat' dir='ltr'><strong>male</strong></span> <span class='ocrx_word' id='word_1_93' title='bbox 716 1750 779 1778; x_wconf 92' lang='lat' dir='ltr'><strong>me</strong></span> <span class='ocrx_word' id='word_1_94' title='bbox 814 1738 931 1779; x_wconf 86' lang='lat' dir='ltr'><strong>habet</strong></span> <span class='ocrx_word' id='word_1_95' title='bbox 967 1739 1068 1791; x_wconf 91' lang='lat' dir='ltr'><strong>quod</strong></span> <span class='ocrx_word' id='word_1_96' title='bbox 1101 1740 1369 1781; x_wconf 84' lang='lat' dir='ltr'><strong>Lachmannus</strong></span> <span class='ocrx_word' id='word_1_97' title='bbox 1404 1741 1489 1781; x_wconf 72' lang='lat' dir='ltr'><strong>⁴hoc</strong></span> <span class='ocrx_word' id='word_1_98' title='bbox 1522 1740 1607 1780; x_wconf 87' lang='lat' dir='ltr'><strong>iter&#39;</strong></span> <span class='ocrx_word' id='word_1_99' title='bbox 1634 1740 1680 1780; x_wconf 92' lang='lat' dir='ltr'><strong>de</strong></span> <span class='ocrx_word' id='word_1_100' title='bbox 1708 1740 1846 1780; x_wconf 88' lang='lat' dir='ltr'><strong>itinere</strong></span> <span class='ocrx_word' id='word_1_101' title='bbox 1876 1740 1945 1779; x_wconf 92' lang='lat' dir='ltr'><strong>illo</strong></span> <span class='ocrx_word' id='word_1_102' title='bbox 1972 1739 2212 1780; x_wconf 79' lang='lat' dir='ltr'><strong>tenebricoso</strong></span> 
     </span>
     <span class='ocr_line' id='line_1_14' title="bbox 360 1823 2212 1875; baseline -0.001 -10"><span class='ocrx_word' id='word_1_103' title='bbox 360 1825 461 1865; x_wconf 90' lang='lat' dir='ltr'><strong>unde</strong></span> <span class='ocrx_word' id='word_1_104' title='bbox 488 1823 632 1875; x_wconf 89' lang='lat' dir='ltr'><strong>negant</strong></span> <span class='ocrx_word' id='word_1_105' title='bbox 658 1824 783 1864; x_wconf 89' lang='lat' dir='ltr'><strong>redire</strong></span> <span class='ocrx_word' id='word_1_106' title='bbox 809 1835 1041 1875; x_wconf 83' lang='lat' dir='ltr'><strong>quemquam</strong></span> <span class='ocrx_word' id='word_1_107' title='bbox 1067 1825 1216 1866; x_wconf 82' lang='lat' dir='ltr'><strong>dietum</strong></span> <span class='ocrx_word' id='word_1_108' title='bbox 1243 1837 1326 1865; x_wconf 87' lang='lat' dir='ltr'><strong>esse</strong></span> <span class='ocrx_word' id='word_1_109' title='bbox 1353 1826 1504 1867; x_wconf 83' lang='lat' dir='ltr'><strong>statuit.</strong></span> <span class='ocrx_word' id='word_1_110' title='bbox 1559 1825 1757 1865; x_wconf 90' lang='lat' dir='ltr'><strong>Nimirum</strong></span> <span class='ocrx_word' id='word_1_111' title='bbox 1781 1826 1875 1864; x_wconf 88' lang='lat' dir='ltr'><strong>haec</strong></span> <span class='ocrx_word' id='word_1_112' title='bbox 1897 1824 2101 1864; x_wconf 68' lang='lat' dir='ltr'><strong>translatio</strong></span> <span class='ocrx_word' id='word_1_113' title='bbox 2128 1826 2212 1864; x_wconf 85' lang='lat' dir='ltr'><strong>tur-</strong></span> 
     </span>
     <span class='ocr_line' id='line_1_15' title="bbox 360 1909 2212 1962; baseline -0.001 -11"><span class='ocrx_word' id='word_1_114' title='bbox 360 1911 474 1951; x_wconf 87' lang='lat' dir='ltr'><strong>batur</strong></span> <span class='ocrx_word' id='word_1_115' title='bbox 508 1920 552 1949; x_wconf 95' lang='lat' dir='ltr'><strong>eo</strong></span> <span class='ocrx_word' id='word_1_116' title='bbox 581 1909 683 1959; x_wconf 92' lang='lat' dir='ltr'><strong>quod</strong></span> <span class='ocrx_word' id='word_1_117' title='bbox 709 1909 932 1960; x_wconf 77' lang='lat' dir='ltr'><strong>Propertius</strong></span> <span class='ocrx_word' id='word_1_118' title='bbox 960 1910 1076 1949; x_wconf 90' lang='lat' dir='ltr'><strong>finem</strong></span> <span class='ocrx_word' id='word_1_119' title='bbox 1102 1922 1175 1961; x_wconf 92' lang='lat' dir='ltr'><strong>quo</strong></span> <span class='ocrx_word' id='word_1_120' title='bbox 1203 1911 1278 1950; x_wconf 89' lang='lat' dir='ltr'><strong>iter</strong></span> <span class='ocrx_word' id='word_1_121' title='bbox 1305 1911 1402 1950; x_wconf 90' lang='lat' dir='ltr'><strong>illud</strong></span> <span class='ocrx_word' id='word_1_122' title='bbox 1430 1909 1674 1962; x_wconf 89' lang='lat' dir='ltr'><strong>dirigendum</strong></span> <span class='ocrx_word' id='word_1_123' title='bbox 1701 1910 1754 1949; x_wconf 84' lang='lat' dir='ltr'><strong>sit</strong></span> <span class='ocrx_word' id='word_1_124' title='bbox 1782 1909 1942 1956; x_wconf 80' lang='lat' dir='ltr'><strong>addidit,</strong></span> <span class='ocrx_word' id='word_1_125' title='bbox 1970 1910 2120 1949; x_wconf 84' lang='lat' dir='ltr'><strong>scilicet</strong></span> <span class='ocrx_word' id='word_1_126' title='bbox 2147 1910 2212 1949; x_wconf 82' lang='lat' dir='ltr'><strong>‘ad</strong></span> 
     </span>
     <span class='ocr_line' id='line_1_16' title="bbox 363 1993 2212 2047; baseline -0.001 -12"><span class='ocrx_word' id='word_1_127' title='bbox 363 1995 514 2047; x_wconf 81' lang='lat' dir='ltr'><strong>lapides</strong></span> <span class='ocrx_word' id='word_1_128' title='bbox 546 1993 766 2039; x_wconf 58' lang='lat' dir='ltr'><strong>memores&#39;.</strong></span> <span class='ocrx_word' id='word_1_129' title='bbox 800 2005 874 2043; x_wconf 92' lang='lat' dir='ltr'><strong>quo</strong></span> <span class='ocrx_word' id='word_1_130' title='bbox 904 1994 1166 2033; x_wconf 86' lang='lat' dir='ltr'><strong>additamento</strong></span> <span class='ocrx_word' id='word_1_131' title='bbox 1195 2006 1240 2033; x_wconf 88' lang='lat' dir='ltr'><strong>ex</strong></span> <span class='ocrx_word' id='word_1_132' title='bbox 1267 1995 1356 2034; x_wconf 85' lang='lat' dir='ltr'><strong>Oroi</strong></span> <span class='ocrx_word' id='word_1_133' title='bbox 1383 1996 1552 2035; x_wconf 83' lang='lat' dir='ltr'><strong>tenebris</strong></span> <span class='ocrx_word' id='word_1_134' title='bbox 1580 1996 1621 2034; x_wconf 90' lang='lat' dir='ltr'><strong>in</strong></span> <span class='ocrx_word' id='word_1_135' title='bbox 1648 1995 1746 2034; x_wconf 87' lang='lat' dir='ltr'><strong>hanc</strong></span> <span class='ocrx_word' id='word_1_136' title='bbox 1772 1996 1899 2034; x_wconf 81' lang='lat' dir='ltr'><strong>lucem</strong></span> <span class='ocrx_word' id='word_1_137' title='bbox 1925 1995 2041 2044; x_wconf 78' lang='lat' dir='ltr'><strong>atque</strong></span> <span class='ocrx_word' id='word_1_138' title='bbox 2068 1995 2212 2033; x_wconf 89' lang='lat' dir='ltr'><strong>terram</strong></span> 
     </span>
     <span class='ocr_line' id='line_1_17' title="bbox 362 2079 2210 2132; baseline -0.001 -12"><span class='ocrx_word' id='word_1_139' title='bbox 362 2092 597 2120; x_wconf 83' lang='lat' dir='ltr'><strong>revocamur.</strong></span> <span class='ocrx_word' id='word_1_140' title='bbox 653 2079 713 2117; x_wconf 82' lang='lat' dir='ltr'><strong>Ac</strong></span> <span class='ocrx_word' id='word_1_141' title='bbox 738 2079 774 2118; x_wconf 88' lang='lat' dir='ltr'><strong>si</strong></span> <span class='ocrx_word' id='word_1_142' title='bbox 800 2080 887 2129; x_wconf 86' lang='lat' dir='ltr'><strong>quis</strong></span> <span class='ocrx_word' id='word_1_143' title='bbox 915 2080 987 2118; x_wconf 85' lang='lat' dir='ltr'><strong>hoc</strong></span> <span class='ocrx_word' id='word_1_144' title='bbox 1015 2091 1059 2118; x_wconf 88' lang='lat' dir='ltr'><strong>ex</strong></span> <span class='ocrx_word' id='word_1_145' title='bbox 1078 2081 1243 2120; x_wconf 85' lang='lat' dir='ltr'><strong>notabili</strong></span> <span class='ocrx_word' id='word_1_146' title='bbox 1264 2080 1334 2119; x_wconf 86' lang='lat' dir='ltr'><strong>illa</strong></span> <span class='ocrx_word' id='word_1_147' title='bbox 1349 2081 1629 2132; x_wconf 78' lang='lat' dir='ltr'><strong>cogitationum</strong></span> <span class='ocrx_word' id='word_1_148' title='bbox 1653 2080 1873 2119; x_wconf 83' lang='lat' dir='ltr'><strong>confusione</strong></span> <span class='ocrx_word' id='word_1_149' title='bbox 1893 2079 2078 2130; x_wconf 78' lang='lat' dir='ltr'><strong>explicari</strong></span> <span class='ocrx_word' id='word_1_150' title='bbox 2096 2091 2210 2131; x_wconf 88' lang='lat' dir='ltr'><strong>posse</strong></span> 
     </span>
     <span class='ocr_line' id='line_1_18' title="bbox 365 2164 2211 2216; baseline -0.001 -11"><span class='ocrx_word' id='word_1_151' title='bbox 365 2164 581 2210; x_wconf 82' lang='lat' dir='ltr'><strong>crediderit,</strong></span> <span class='ocrx_word' id='word_1_152' title='bbox 610 2175 685 2213; x_wconf 89' lang='lat' dir='ltr'><strong>qua</strong></span> <span class='ocrx_word' id='word_1_153' title='bbox 700 2165 922 2215; x_wconf 70' lang='lat' dir='ltr'><strong>Augusteae</strong></span> <span class='ocrx_word' id='word_1_154' title='bbox 950 2167 1091 2205; x_wconf 84' lang='lat' dir='ltr'><strong>aetatis</strong></span> <span class='ocrx_word' id='word_1_155' title='bbox 1115 2167 1252 2216; x_wconf 86' lang='lat' dir='ltr'><strong>poetae</strong></span> <span class='ocrx_word' id='word_1_156' title='bbox 1280 2178 1324 2205; x_wconf 84' lang='lat' dir='ltr'><strong>ea</strong></span> <span class='ocrx_word' id='word_1_157' title='bbox 1347 2177 1443 2216; x_wconf 86' lang='lat' dir='ltr'><strong>quae</strong></span> <span class='ocrx_word' id='word_1_158' title='bbox 1470 2165 1518 2204; x_wconf 87' lang='lat' dir='ltr'><strong>ad</strong></span> <span class='ocrx_word' id='word_1_159' title='bbox 1546 2164 1756 2204; x_wconf 84' lang='lat' dir='ltr'><strong>inferorum</strong></span> <span class='ocrx_word' id='word_1_160' title='bbox 1779 2175 1896 2215; x_wconf 84' lang='lat' dir='ltr'><strong>regna</strong></span> <span class='ocrx_word' id='word_1_161' title='bbox 1910 2165 2104 2214; x_wconf 82' lang='lat' dir='ltr'><strong>pertinent</strong></span> <span class='ocrx_word' id='word_1_162' title='bbox 2122 2176 2211 2203; x_wconf 83' lang='lat' dir='ltr'><strong>cum</strong></span> 
     </span>
     <span class='ocr_line' id='line_1_19' title="bbox 363 2248 2210 2302; baseline -0.002 -11"><span class='ocrx_word' id='word_1_163' title='bbox 363 2253 617 2291; x_wconf 68' lang='lat' dir='ltr'><strong>humanarum</strong></span> <span class='ocrx_word' id='word_1_164' title='bbox 652 2250 917 2301; x_wconf 77' lang='lat' dir='ltr'><strong>exsequiarum</strong></span> <span class='ocrx_word' id='word_1_165' title='bbox 954 2251 1094 2290; x_wconf 88' lang='lat' dir='ltr'><strong>ritibus</strong></span> <span class='ocrx_word' id='word_1_166' title='bbox 1128 2251 1358 2302; x_wconf 82' lang='lat' dir='ltr'><strong>permiscere</strong></span> <span class='ocrx_word' id='word_1_167' title='bbox 1395 2251 1538 2297; x_wconf 78' lang='lat' dir='ltr'><strong>solent,</strong></span> <span class='ocrx_word' id='word_1_168' title='bbox 1573 2251 1653 2289; x_wconf 86' lang='lat' dir='ltr'><strong>iam</strong></span> <span class='ocrx_word' id='word_1_169' title='bbox 1679 2250 1757 2289; x_wconf 86' lang='lat' dir='ltr'><strong>alia</strong></span> <span class='ocrx_word' id='word_1_170' title='bbox 1782 2250 1955 2288; x_wconf 85' lang='lat' dir='ltr'><strong>remanet</strong></span> <span class='ocrx_word' id='word_1_171' title='bbox 1983 2248 2210 2295; x_wconf 82' lang='lat' dir='ltr'><strong>difficultas3</strong></span> 
     </span>
     <span class='ocr_line' id='line_1_20' title="bbox 363 2334 2208 2376; baseline -0.002 0"><span class='ocrx_word' id='word_1_172' title='bbox 363 2336 624 2376; x_wconf 85' lang='lat' dir='ltr'><strong>Confidentius</strong></span> <span class='ocrx_word' id='word_1_173' title='bbox 663 2336 766 2375; x_wconf 89' lang='lat' dir='ltr'><strong>enim</strong></span> <span class='ocrx_word' id='word_1_174' title='bbox 804 2335 1071 2376; x_wconf 84' lang='lat' dir='ltr'><strong>Lachmannus</strong></span> <span class='ocrx_word' id='word_1_175' title='bbox 1113 2338 1199 2376; x_wconf 74' lang='lat' dir='ltr'><strong>‘hoc</strong></span> <span class='ocrx_word' id='word_1_176' title='bbox 1226 2337 1300 2376; x_wconf 89' lang='lat' dir='ltr'><strong>iter</strong></span> <span class='ocrx_word' id='word_1_177' title='bbox 1328 2361 1357 2367; x_wconf 90' lang='lat'><strong>—-</strong></span> <span class='ocrx_word' id='word_1_178' title='bbox 1406 2336 1505 2376; x_wconf 88' lang='lat' dir='ltr'><strong>veni&#39;</strong></span> <span class='ocrx_word' id='word_1_179' title='bbox 1544 2339 1647 2375; x_wconf 85' lang='lat' dir='ltr'><strong>recte</strong></span> <span class='ocrx_word' id='word_1_180' title='bbox 1685 2336 1834 2375; x_wconf 83' lang='lat' dir='ltr'><strong>dietum</strong></span> <span class='ocrx_word' id='word_1_181' title='bbox 1878 2345 1961 2373; x_wconf 87' lang='lat' dir='ltr'><strong>esse</strong></span> <span class='ocrx_word' id='word_1_182' title='bbox 2000 2334 2208 2373; x_wconf 77' lang='lat' dir='ltr'><strong>contendit.</strong></span> 
     </span>
     <span class='ocr_line' id='line_1_21' title="bbox 362 2419 2209 2474; baseline -0.002 -12"><span class='ocrx_word' id='word_1_183' title='bbox 362 2433 458 2472; x_wconf 88' lang='lat' dir='ltr'><strong>quae</strong></span> <span class='ocrx_word' id='word_1_184' title='bbox 493 2421 596 2461; x_wconf 88' lang='lat' dir='ltr'><strong>enim</strong></span> <span class='ocrx_word' id='word_1_185' title='bbox 630 2420 773 2460; x_wconf 86' lang='lat' dir='ltr'><strong>adtulit</strong></span> <span class='ocrx_word' id='word_1_186' title='bbox 809 2422 984 2472; x_wconf 84' lang='lat' dir='ltr'><strong>exempla</strong></span> <span class='ocrx_word' id='word_1_187' title='bbox 1020 2429 1215 2474; x_wconf 84' lang='lat' dir='ltr'><strong>‘magnum</strong></span> <span class='ocrx_word' id='word_1_188' title='bbox 1243 2423 1318 2461; x_wconf 90' lang='lat' dir='ltr'><strong>iter</strong></span> <span class='ocrx_word' id='word_1_189' title='bbox 1344 2422 1531 2468; x_wconf 82' lang='lat' dir='ltr'><strong>ascendo&#39;,</strong></span> <span class='ocrx_word' id='word_1_190' title='bbox 1570 2422 1741 2472; x_wconf 83' lang='lat' dir='ltr'><strong>‘longum</strong></span> <span class='ocrx_word' id='word_1_191' title='bbox 1769 2421 1843 2459; x_wconf 90' lang='lat' dir='ltr'><strong>iter</strong></span> <span class='ocrx_word' id='word_1_192' title='bbox 1861 2419 2075 2471; x_wconf 84' lang='lat' dir='ltr'><strong>proficisci’‚</strong></span> <span class='ocrx_word' id='word_1_193' title='bbox 2107 2426 2209 2459; x_wconf 86' lang='lat' dir='ltr'><strong>‘eon-</strong></span> 
     </span>
     <span class='ocr_line' id='line_1_22' title="bbox 362 2504 2209 2558; baseline -0.001 -14"><span class='ocrx_word' id='word_1_194' title='bbox 362 2517 514 2545; x_wconf 75' lang='lat' dir='ltr'><strong>cessum</strong></span> <span class='ocrx_word' id='word_1_195' title='bbox 554 2506 629 2545; x_wconf 91' lang='lat' dir='ltr'><strong>iter</strong></span> <span class='ocrx_word' id='word_1_196' title='bbox 666 2504 812 2550; x_wconf 84' lang='lat' dir='ltr'><strong>redire&#39;,</strong></span> <span class='ocrx_word' id='word_1_197' title='bbox 855 2506 942 2545; x_wconf 71' lang='lat' dir='ltr'><strong>‘iter</strong></span> <span class='ocrx_word' id='word_1_198' title='bbox 969 2507 1142 2558; x_wconf 84' lang='lat' dir='ltr'><strong>gradiri&#39;‚</strong></span> <span class='ocrx_word' id='word_1_199' title='bbox 1186 2519 1230 2546; x_wconf 88' lang='lat' dir='ltr'><strong>ea</strong></span> <span class='ocrx_word' id='word_1_200' title='bbox 1263 2507 1382 2546; x_wconf 85' lang='lat' dir='ltr'><strong>aliam</strong></span> <span class='ocrx_word' id='word_1_201' title='bbox 1420 2513 1630 2558; x_wconf 89' lang='lat' dir='ltr'><strong>sequuntur</strong></span> <span class='ocrx_word' id='word_1_202' title='bbox 1662 2507 1871 2551; x_wconf 84' lang='lat' dir='ltr'><strong>rationem,</strong></span> <span class='ocrx_word' id='word_1_203' title='bbox 1912 2505 1947 2543; x_wconf 88' lang='lat' dir='ltr'><strong>si</strong></span> <span class='ocrx_word' id='word_1_204' title='bbox 1985 2504 2140 2555; x_wconf 90' lang='lat' dir='ltr'><strong>quidem</strong></span> <span class='ocrx_word' id='word_1_205' title='bbox 2169 2506 2209 2544; x_wconf 89' lang='lat' dir='ltr'><strong>in</strong></span> 
     </span>
     <span class='ocr_line' id='line_1_23' title="bbox 362 2590 2205 2644; baseline -0.001 -15"><span class='ocrx_word' id='word_1_206' title='bbox 362 2591 540 2630; x_wconf 91' lang='lat' dir='ltr'><strong>omnibus</strong></span> <span class='ocrx_word' id='word_1_207' title='bbox 570 2590 631 2629; x_wconf 91' lang='lat' dir='ltr'><strong>his</strong></span> <span class='ocrx_word' id='word_1_208' title='bbox 660 2592 786 2630; x_wconf 89' lang='lat' dir='ltr'><strong>verbis</strong></span> <span class='ocrx_word' id='word_1_209' title='bbox 814 2592 953 2631; x_wconf 90' lang='lat' dir='ltr'><strong>eundi</strong></span> <span class='ocrx_word' id='word_1_210' title='bbox 981 2594 1088 2631; x_wconf 91' lang='lat' dir='ltr'><strong>notio</strong></span> <span class='ocrx_word' id='word_1_211' title='bbox 1118 2594 1177 2632; x_wconf 91' lang='lat' dir='ltr'><strong>est</strong></span> <span class='ocrx_word' id='word_1_212' title='bbox 1204 2593 1399 2644; x_wconf 84' lang='lat' dir='ltr'><strong>primaria,</strong></span> <span class='ocrx_word' id='word_1_213' title='bbox 1428 2603 1524 2644; x_wconf 88' lang='lat' dir='ltr'><strong>quae</strong></span> <span class='ocrx_word' id='word_1_214' title='bbox 1551 2594 1598 2632; x_wconf 86' lang='lat' dir='ltr'><strong>ab</strong></span> <span class='ocrx_word' id='word_1_215' title='bbox 1627 2590 1853 2631; x_wconf 90' lang='lat' dir='ltr'><strong>veniendi</strong></span> <span class='ocrx_word' id='word_1_216' title='bbox 1880 2590 2065 2629; x_wconf 81' lang='lat' dir='ltr'><strong>vocabulo</strong></span> <span class='ocrx_word' id='word_1_217' title='bbox 2085 2590 2205 2629; x_wconf 86' lang='lat' dir='ltr'><strong>abest.</strong></span> 
     </span>
     <span class='ocr_line' id='line_1_24' title="bbox 362 2674 2209 2727; baseline -0.001 -14"><span class='ocrx_word' id='word_1_218' title='bbox 362 2675 473 2714; x_wconf 86' lang='lat' dir='ltr'><strong>Hanc</strong></span> <span class='ocrx_word' id='word_1_219' title='bbox 506 2685 594 2714; x_wconf 86' lang='lat' dir='ltr'><strong>vero</strong></span> <span class='ocrx_word' id='word_1_220' title='bbox 628 2675 878 2716; x_wconf 88' lang='lat' dir='ltr'><strong>offensionem</strong></span> <span class='ocrx_word' id='word_1_221' title='bbox 913 2678 979 2727; x_wconf 92' lang='lat' dir='ltr'><strong>qui</strong></span> <span class='ocrx_word' id='word_1_222' title='bbox 1011 2677 1068 2715; x_wconf 86' lang='lat' dir='ltr'><strong>ita</strong></span> <span class='ocrx_word' id='word_1_223' title='bbox 1102 2677 1247 2716; x_wconf 85' lang='lat' dir='ltr'><strong>evitare</strong></span> <span class='ocrx_word' id='word_1_224' title='bbox 1275 2677 1477 2717; x_wconf 86' lang='lat' dir='ltr'><strong>voluerunt</strong></span> <span class='ocrx_word' id='word_1_225' title='bbox 1503 2679 1567 2724; x_wconf 80' lang='lat' dir='ltr'><strong>ut,</strong></span> <span class='ocrx_word' id='word_1_226' title='bbox 1605 2677 1705 2715; x_wconf 84' lang='lat' dir='ltr'><strong>sicut</strong></span> <span class='ocrx_word' id='word_1_227' title='bbox 1732 2676 1972 2727; x_wconf 84' lang='lat' dir='ltr'><strong>nupern&#39;mus</strong></span> <span class='ocrx_word' id='word_1_228' title='bbox 1999 2674 2123 2713; x_wconf 85' lang='lat' dir='ltr'><strong>editor</strong></span> <span class='ocrx_word' id='word_1_229' title='bbox 2149 2675 2209 2713; x_wconf 91' lang='lat' dir='ltr'><strong>in-</strong></span> 
     </span>
     <span class='ocr_line' id='line_1_25' title="bbox 364 2759 1785 2814; baseline 0.002 -17"><span class='ocrx_word' id='word_1_230' title='bbox 364 2759 509 2806; x_wconf 89' lang='lat' dir='ltr'><strong>stituit,</strong></span> <span class='ocrx_word' id='word_1_231' title='bbox 537 2770 752 2801; x_wconf 88' lang='lat' dir='ltr'><strong>sermonem</strong></span> <span class='ocrx_word' id='word_1_232' title='bbox 779 2763 869 2813; x_wconf 86' lang='lat' dir='ltr'><strong>post</strong></span> <span class='ocrx_word' id='word_1_233' title='bbox 896 2762 993 2801; x_wconf 77' lang='lat' dir='ltr'><strong>‘iter&#39;</strong></span> <span class='ocrx_word' id='word_1_234' title='bbox 1023 2763 1174 2813; x_wconf 86' lang='lat' dir='ltr'><strong>plenius</strong></span> <span class='ocrx_word' id='word_1_235' title='bbox 1203 2762 1485 2814; x_wconf 83' lang='lat' dir='ltr'><strong>distinguerent</strong></span> <span class='ocrx_word' id='word_1_236' title='bbox 1511 2762 1550 2801; x_wconf 89' lang='lat' dir='ltr'><strong>et</strong></span> <span class='ocrx_word' id='word_1_237' title='bbox 1575 2762 1785 2801; x_wconf 80' lang='lat' dir='ltr'><strong>scriberent</strong></span> 
     </span>
    </p>

    <p class='ocr_par' dir='ltr' id='par_1_6' title="bbox 760 2845 1811 2897">
     <span class='ocr_line' id='line_1_26' title="bbox 760 2845 1811 2897; baseline 0 -12"><span class='ocrx_word' id='word_1_238' title='bbox 760 2845 819 2885; x_wconf 90' lang='lat' dir='ltr'><strong>Tu</strong></span> <span class='ocrx_word' id='word_1_239' title='bbox 846 2858 995 2897; x_wconf 89' lang='lat' dir='ltr'><strong>quoque</strong></span> <span class='ocrx_word' id='word_1_240' title='bbox 1023 2847 1058 2886; x_wconf 90' lang='lat' dir='ltr'><strong>si</strong></span> <span class='ocrx_word' id='word_1_241' title='bbox 1085 2847 1234 2897; x_wconf 85' lang='lat' dir='ltr'><strong>quando</strong></span> <span class='ocrx_word' id='word_1_242' title='bbox 1261 2847 1392 2887; x_wconf 83' lang='lat' dir='ltr'><strong>venies</strong></span> <span class='ocrx_word' id='word_1_243' title='bbox 1419 2846 1468 2887; x_wconf 85' lang='lat' dir='ltr'><strong>ad</strong></span> <span class='ocrx_word' id='word_1_244' title='bbox 1496 2847 1587 2893; x_wconf 77' lang='lat' dir='ltr'><strong>tata,</strong></span> <span class='ocrx_word' id='word_1_245' title='bbox 1617 2847 1811 2885; x_wconf 89' lang='lat' dir='ltr'><strong>memento</strong></span> 
     </span>
    </p>
   </div>
   <div class='ocr_carea' id='block_1_5' title="bbox 835 2931 1745 2985">
    <p class='ocr_par' dir='ltr' id='par_1_7' title="bbox 835 2931 1745 2985">
     <span class='ocr_line' id='line_1_27' title="bbox 835 2931 1745 2985; baseline -0.001 -14"><span class='ocrx_word' id='word_1_246' title='bbox 835 2933 907 2971; x_wconf 90' lang='lat' dir='ltr'><strong>hoc</strong></span> <span class='ocrx_word' id='word_1_247' title='bbox 934 2932 1025 2971; x_wconf 85' lang='lat' dir='ltr'><strong>iter:</strong></span> <span class='ocrx_word' id='word_1_248' title='bbox 1057 2931 1107 2971; x_wconf 85' lang='lat' dir='ltr'><strong>ad</strong></span> <span class='ocrx_word' id='word_1_249' title='bbox 1133 2931 1279 2982; x_wconf 88' lang='lat' dir='ltr'><strong>lapides</strong></span> <span class='ocrx_word' id='word_1_250' title='bbox 1308 2942 1402 2971; x_wconf 84' lang='lat' dir='ltr'><strong>cana</strong></span> <span class='ocrx_word' id='word_1_251' title='bbox 1428 2932 1516 2972; x_wconf 87' lang='lat' dir='ltr'><strong>veni</strong></span> <span class='ocrx_word' id='word_1_252' title='bbox 1542 2942 1745 2985; x_wconf 80' lang='lat' dir='ltr'><strong>memores.</strong></span> 
     </span>
    </p>
   </div>
   <div class='ocr_carea' id='block_1_6' title="bbox 2251 3241 2766 3426">
    <p class='ocr_par' dir='ltr' id='par_1_8' title="bbox 2251 3241 2766 3426">
     <span class='ocr_line' id='line_1_28' title="bbox 2251 3241 2766 3426; baseline 0 0"><span class='ocrx_word' id='word_1_253' title='bbox 2251 3241 2766 3426; x_wconf 95' lang='lat' dir='ltr'><strong> </strong></span> 
     </span>
    </p>
   </div>
  </div>
 </body>
</html>
