2766 3426
539 911 664 992 Cato*
689 931 766 978 ille
780 931 1018 978 Tullianus
1050 931 1128 991 qui
1160 930 1376 993 optimum
1407 924 1650 977 senectutis
1667 932 1856 976 fructum
1889 931 1934 976 in
1968 932 2087 979 vitae
2105 932 2217 978 bene

367 1034 494 1076 actae
520 1026 791 1076 conscientia
823 1027 1147 1087 multorumque
1179 1032 1299 1075 recte
1337 1028 1552 1075 factorum
1584 1028 1889 1076 recordatione
1916 1029 2128 1090 ponebat,
2175 1027 2216 1074 si

368 1125 438 1170 his
471 1126 636 1170 nostris
660 1118 827 1169 ‘diebus
859 1124 1043 1187 viveret,
1069 1138 1208 1168 unum
1242 1128 1360 1168 certe
1385 1122 1568 1169 adderet
1599 1125 1889 1185 commodum,
1925 1125 2041 1171 unde
2073 1125 2215 1170 iunio-

367 1236 466 1271 rum
494 1235 671 1283 quoque
694 1211 853 1281 suboli{
879 1234 995 1281 quae
1027 1234 1127 1269 cum
1151 1221 1227 1281 qui
1260 1220 1318 1267 ad
1346 1217 1549 1268 'summos
1581 1222 1742 1270 aetatis
1771 1222 1938 1283 gradus
1970 1221 2218 1271 escenderit

326 1304 329 1308 ¹
368 1319 565 1367 officiose
603 1318 708 1365 colit
744 1324 878 1377 atque
917 1317 990 1377 pie
1031 1324 1288 1376 veneratur,
1336 1317 1571 1376 utilitatem
1614 1319 1731 1365 haud
1771 1334 1879 1366 sane
1920 1318 2215 1379 spernendam

369 1431 528 1475 capere
560 1416 703 1461 liceat,
753 1415 855 1470 Quo
894 1416 996 1472 quis
1026 1415 1143 1459 enim
1166 1415 1344 1473 longius
1371 1415 1418 1459 in
1450 1415 1534 1460 hoc
1550 1416 1670 1460 vitae
1704 1417 1919 1461 curriculo
1949 1415 2217 1474 provehitur,

370 1526 422 1558 eo
464 1511 643 1571 saepius
682 1511 732 1555 in
773 1510 973 1556 laborum
1018 1524 1336 1569 munerumque
1372 1516 1475 1556 ante
1519 1512 1777 1557 sollemnem
1813 1526 2027 1557 annorum
2067 1525 2217 1557 nume-

368 1621 466 1654 rum
510 1612 688 1653 strenue
727 1611 1033 1667 susceptorum
1066 1606 1358 1665 gnaviterque
1392 1612 1667 1666 peractorum
1701 1608 1915 1654 memoria
1956 1605 2218 1653 iucundissi-

370 1718 444 1749 ma
477 1703 656 1749 offertur
698 1703 826 1749 nobis
860 1690 1187 1763 opportunitas,
1234 1716 1323 1760 qua
1364 1702 1499 1748 vitam
1535 1704 1738 1750 omnibus
1773 1705 1950 1751 virtutis
1985 1705 2218 1751 bonarum-

370 1814 457 1858 que
489 1799 650 1844 artium
685 1800 954 1845 ornamentis
990 1799 1350 1845 florentissimam
1396 1814 1493 1844 cum
1536 1800 1826 1846 admiratione
1865 1802 2085 1846 intuentes
2131 1800 2219 1859 pie-

371 1897 477 1943 tatis
493 1895 819 1942 satisfaciamus
835 1895 990 1953 officio,
1020 1909 1107 1954 quo
1136 1896 1334 1941 sanctius
1351 1897 1608 1955 gratiusque
1628 1897 1791 1943 homini
1816 1897 1921 1942 nihil
1943 1911 2043 1943 esse
2061 1902 2219 1956 potest.

371 1995 535 2039 Nostro
577 1993 711 2051 igitur
752 1994 946 2052 ipsorum
994 1993 1043 2037 fit
1087 2007 1259 2038 summo
1304 1993 1551 2049 commodo,
1586 1993 1701 2050 quod
1745 1993 1873 2038 hodie
1906 2008 2059 2038 rursus
2093 1994 2221 2038 nobis

373 2089 586 2148 contingit
628 2094 676 2134 ut
718 2095 846 2147 grata
879 2095 1026 2134 mente
1068 2088 1286 2147 laetisque
1316 2089 1476 2133 animis
1517 2090 1585 2134 Te
1620 2089 1814 2134 salutare
1849 2089 2041 2147 Tibique
2076 2090 2221 2135 onmia

371 2187 519 2231 fausta
548 2186 717 2243 precari
752 2186 892 2230 liceat.
963 2183 1111 2230 Rediit
1154 2185 1271 2230 enim
1317 2185 1599 2242 sexagesima
1633 2185 1751 2229 illius
1794 2184 1881 2229 diei
1912 2185 1986 2229 lux
2021 2186 2222 2230 anniver-

373 2275 504 2338 saria,
525 2294 612 2338 quo
642 2281 747 2326 olim
772 2281 829 2325 ab
858 2287 1008 2325 nostro
1037 2279 1189 2325 ordine
1217 2294 1415 2325 summos
1449 2280 1493 2323 in
1527 2280 1806 2339 philosophia
1829 2280 2015 2325 honores
2037 2280 2223 2339 adeptus

375 2392 436 2423 es.
502 2377 612 2422 Inde
644 2378 700 2422 ab
730 2377 806 2422 illo
834 2376 905 2422 die
943 2391 1074 2435 quam
1108 2376 1331 2422 indefesso
1366 2376 1511 2421 studio
1554 2382 1805 2434 quantoque
1842 2390 1941 2420 cum
1973 2377 2116 2420 fructu
2151 2376 2221 2420 Tu

376 2474 533 2520 litteris
570 2473 734 2519 nostris
767 2473 1078 2532 promovendis
1122 2453 1296 2519 omnem
1325 2473 1471 2517 Tuam
1516 2472 1738 2518 dicaveris
1783 2486 1961 2531 operam
2002 2478 2044 2517 et
2092 2486 2223 2529 quam

375 2570 648 2630 praeclaram
667 2584 719 2616 ac
744 2575 1017 2617 constantem
1037 2569 1312 2630 praestiteris
1332 2567 1463 2615 fidem
1491 2568 1635 2614 almae
1653 2573 1833 2614 nostrae
1853 2568 1981 2614 matri
2008 2567 2225 2628 Gryphis-

376 2666 603 2725 waldensi‚
639 2668 764 2714 cuius
794 2668 866 2713 Tu
900 2665 1306 2726 splendidissimum
1336 2680 1511 2725 semper
1538 2665 1659 2710 fuisti
1690 2664 1824 2710 decus
1863 2672 1907 2711 et
1944 2664 2227 2725 praesidium,

378 2764 477 2810 cum
521 2765 684 2810 nemini
726 2765 795 2811 vel
838 2778 993 2824 parum
1039 2763 1167 2810 docto
1207 2764 1406 2823 ignotum
1445 2762 1505 2808 sit
1543 2776 1630 2808 non
1676 2770 1743 2809 est
1781 2777 1856 2808 cur
1898 2762 2049 2807 multis
2082 2762 2230 2807 verbis

376 2861 696 2922 praedicemus.
764 2860 876 2908 Cum
921 2875 1026 2907 vero
1068 2858 1174 2907 ordo
1210 2866 1361 2906 noster
1395 2859 1696 2906 constituisset
1733 2866 1781 2905 ut
1811 2859 2022 2919 scriptum
2053 2857 2230 2917 aliquod

2741 3206 2766 3235 51,

2723 3239 2766 3275 2²3>

2719 3272 2753 3297 ἢ)

2726 3303 2746 3323 μι
