2766 3426
744 1163 1530 1243 Graflffimdtffifflxtm
1554 1175 1723 1234 ιιι-ΜΠ
1749 1171 1789 1224 4,
1815 1175 1885 1233 47]

729 1239 840 1303 Ἐὀό
856 1253 1035 1305 νοω-ιε
1053 1261 1142 1304 m
1165 1250 1353 1310 um
1356 1250 1549 1317 cymi..
1575 1260 1730 1304 nomi·
1754 1260 1810 1319 [Π
1836 1261 1874 1310 5
1908 1260 1946 1318 1]

743 1344 931 1387 Dffioile
943 1347 1005 1388 ut
1015 1340 1102 1389 teto
1119 1344 1269 1398 moute
1278 1343 1433 1390 mittet
1459 1358 1558 1389 onus
1586 1345 1660 1403 [III
1692 1346 1754 1395 17,
1781 1346 1822 1401 8]

743 1429 795 1471 Et
821 1431 907 1471 tua
916 1432 970 1472 sit
996 1433 1083 1474 toto
1111 1432 1281 1486 Cynthia
1305 1432 1409 1474 lecta
1435 1432 1518 1473 foro
1548 1431 1626 1484 [IIl
1654 1431 1718 1479 24,
1751 1429 1791 1486 2]

743 1516 904 1556 Luxerit
930 1519 971 1557 et
997 1520 1082 1558 tota
1109 1518 1268 1559 flamma
1293 1518 1461 1559 secunda
1487 1518 1602 1558 domo
1632 1516 1703 1573 [IV
1738 1517 1799 1564 10,
1826 1517 1897 1569 20]

744 1601 794 1639 Et
822 1601 1009 1641 miserum
1037 1604 1121 1642 toto
1149 1603 1330 1643 iuvenem
1361 1614 1514 1643 versare
1540 1603 1661 1642 cubili
1687 1602 1726 1655 [I
1755 1603 1816 1644 14,
1845 1601 1915 1652 21]

745 1684 897 1733 Quanta
924 1676 1040 1727 illum
1066 1689 1150 1727 toto
1181 1690 1335 1728 versant
1362 1688 1530 1739 suspiria
1556 1688 1659 1727 lecto
1686 1687 1763 1739 [III
1791 1687 1855 1733 22,
1882 1685 1949 1740 47]

745 1769 941 1821 Respondi
969 1773 1009 1811 et
1033 1772 1117 1812 toto
1145 1771 1334 1814 solvimus
1360 1783 1469 1812 arma
1493 1773 1578 1812 toro
1607 1770 1661 1823 [V
1687 1771 1723 1819 8,
1753 1770 1822 1823 88]

641 1854 970 1905 Praepositionem
997 1867 1098 1901 vero,
1128 1868 1203 1907 qua
1237 1858 1333 1897 certi
1365 1857 1531 1897 alicuius
1585 1856 1660 1896 loci
1699 1854 1918 1896 adcuratior
1951 1853 2113 1894 infertur
2146 1852 2333 1905 cogitatio

480 1942 565 1979 tum
589 1940 741 1980 addidit
770 1941 1005 1991 Propertius,
1045 1943 1112 1982 ubi
1150 1944 1228 1982 iam
1269 1944 1308 1982 in
1338 1944 1452 1984 verbo
1482 1944 1582 1983 unde
1610 1941 1843 1995 praepositio
1872 1940 2020 1992 regitur
2047 1939 2123 1980 loci
2145 1940 2333 1992 quaedam

478 2025 713 2077 significatio
742 2025 843 2065 inest
871 2026 997 2066 velut:

797 2111 938 2161 Aspice
966 2114 1010 2150 ut
1035 2113 1074 2151 in
1102 2114 1185 2152 toto
1213 2113 1343 2152 nullus
1371 2112 1467 2151 mihi
1499 2123 1654 2163 corpore
1683 2113 1851 2163 surgat

906 2195 1074 2246 Spiritus
1104 2196 1176 2250 [111
1203 2198 1266 2243 29,
1293 2198 1362 2249 37]

795 2280 895 2320 Tum
923 2293 1061 2331 queror
1087 2282 1126 2320 in
1157 2284 1240 2321 toto
1266 2294 1342 2322 non
1369 2282 1533 2321 sidere
1561 2281 1681 2333 pallia
1709 2281 1809 2320 lecto
1841 2279 1894 2331 [V
1922 2279 1958 2327 3,
1980 2278 2059 2333 31].

476 2364 635 2401 Praeter
664 2365 734 2402 hos
763 2365 868 2404 locos
897 2367 956 2405 bis
984 2369 1136 2405 tantum
1167 2367 1402 2417 praepositio
1431 2367 1643 2406 invenitur:

823 2450 969 2489 Rumor
998 2453 1038 2489 et
1061 2452 1099 2490 in
1128 2453 1212 2490 tota
1240 2463 1315 2490 non
1343 2452 1464 2490 bonus
1493 2452 1586 2490 urbe
1616 2451 1690 2489 fuit
1719 2450 1791 2503 {111
1816 2451 1879 2496 32,
1909 2451 1977 2501 24]

993 2565 1001 2573 .
1030 2538 1069 2573 et
1097 2538 1181 2573 tota
1209 2536 1314 2574 dicar
1342 2537 1381 2573 in
1409 2536 1502 2574 urbe
1530 2538 1667 2586 potens
1696 2535 1772 2586 [ΙΙΙ
1799 2535 1861 2581 26,
1891 2536 1960 2586 21]

640 2619 754 2658 Patet
781 2619 860 2659 iam
888 2621 928 2660 in
958 2632 1002 2660 eo
1030 2631 1144 2671 quem
1172 2622 1385 2662 tractamus
1414 2634 1526 2661 versu
1550 2623 1876 2673 praepositionem
1891 2632 1966 2659 non
1995 2633 2039 2660 ex
2057 2611 2333 2660 consuetudine

477 2703 672 2755 Propertii
709 2715 793 2744 esse
831 2704 1019 2751 additam,
1060 2705 1190 2756 itaque
1227 2706 1309 2746 iure
1344 2710 1475 2746 nostro
1514 2708 1552 2746 id
1586 2719 1767 2758 reponere
1805 2718 2028 2757 possumus,
2070 2705 2170 2755 quod
2193 2716 2281 2744 cum
2309 2716 2332 2743 a

476 2786 594 2827 Petro
624 2787 787 2829 Francio
815 2793 1010 2842 repertum
1049 2792 1088 2830 et
1115 2791 1163 2830 ab
1192 2791 1475 2842 elegantissimi
1504 2792 1638 2832 iudicii
1672 2792 1753 2831 viro
1781 2791 2025 2831 Broukhusio
2054 2790 2251 2841 receptum
2279 2789 2334 2828 sit

476 2883 543 2911 cur
569 2874 803 2915 recentiores
831 2874 999 2916 editores
1029 2876 1243 2927 spreverint
1273 2878 1369 2917 satis
1398 2878 1531 2918 mirari
1554 2888 1719 2929 nequeo:
