2766 3426
0 1026 61 1057 ε

385 819 592 882 Dementia
621 837 746 897 enim
760 811 967 900 vocabule
977 847 1068 884 eum
1102 836 1170 902 qui
1199 835 1369 880 iudicio
1380 846 1511 894 mus
1535 836 1674 881 valeat
1705 847 1835 890 posse
1854 837 2067 891 signifioui'
2089 839 2230 881 docent

387 925 512 979 ipsius
540 909 655 966 huius
681 923 865 966 carminis
891 934 1026 977 versus
1045 917 1227 981 primis:
1301 975 1303 977 v
1385 939 1468 970 ι
1516 943 1519 946 ·
1553 942 1565 946 ·>

780 1007 896 1049 Nune
921 1008 1044 1050 efiam
1067 1006 1246 1057 infectos,
1274 1004 1446 1057 demeum
1464 972 1627 1065 innitare
1650 1009 1859 1052 Britannos

385 1099 426 1137 et
454 1097 711 1136 Horatianum
737 1095 838 1136 illud
885 1137 889 1141 ,
1105 1104 1107 1106 ·
1428 1105 1494 1137 aa
1505 1096 1575 1155 tua
1600 1094 1758 1135 demens

649 1180 805 1220 Vilibus
831 1181 873 1219 in
900 1180 1003 1220 ludis
1030 1182 1171 1221 dictari
1198 1179 1370 1230 carmina
1385 1182 1540 1221 nnis?
1567 1181 1755 1232 [Serm.1
1780 1183 1841 1230 10,
1873 1178 1956 1235 74].

545 1600 665 1640 Poeta
698 1611 744 1639 ex
769 1598 967 1652 Lygdamo
1006 1612 1116 1640 servo
1152 1612 1337 1651 quaerens
1374 1612 1448 1652 quo
1477 1601 1606 1641 animo
1643 1600 1792 1653 puella,
1820 1600 1882 1639 cui
1907 1612 2079 1641 amorem
2107 1602 2229 1641 iratus

385 1686 690 1733 renuntiaverat,
736 1672 933 1725 nuntium'
962 1686 1159 1737 ingratum
1207 1687 1416 1737 acceperit,
1467 1699 1559 1726 num
1605 1687 1723 1726 amici
1771 1686 1898 1736 iurgia
1937 1687 2095 1735 querulo
2135 1698 2228 1726 sono

384 1770 602 1822 repetierit,
637 1771 720 1822 ipse
747 1781 974 1822 responsum
1014 1771 1126 1822 quale
1154 1773 1309 1823 exoptat
1337 1772 1412 1811 sibi
1439 1771 1553 1824 fingit
1589 1773 1629 1811 et
1652 1771 1823 1824 puellam
1849 1771 1944 1809 haec
1972 1771 2087 1810 verba
2114 1772 2229 1811 eden-

385 1856 467 1896 tem
494 1855 587 1895 facit
616 1854 689 1907 [IV
718 1855 754 1902 5,
785 1855 834 1894 19
862 1856 933 1910 sq.J

703 1938 810 1977 Haec
835 1940 875 1979 te
902 1940 1003 1979 teste
1030 1940 1129 1979 mihi
1157 1941 1347 1991 promissa
1375 1943 1445 1988 est,
1473 1940 1681 1992 Lygdame‚
1710 1943 1886 1981 merces?

810 2023 881 2063 Est
908 2036 1051 2076 poenae
1077 2036 1187 2065 servo
1215 2037 1391 2077 rumpere
1417 2026 1518 2065 teste
1546 2024 1675 2064 fidem.

705 2108 777 2147 Hle
800 2111 929 2160 potest
953 2110 1059 2149 nullo
1086 2111 1270 2149 miseram
1298 2122 1361 2149 me
1389 2111 1562 2161 linquere
1588 2111 1702 2156 facto,

808 2195 1022 2245 Aequalem
1049 2195 1156 2234 nulla
1182 2195 1308 2234 dicere
1335 2195 1475 2235 habere
1502 2195 1628 2235 domo.

703 2279 854 2318 Gaudet
893 2291 956 2318 me
998 2291 1116 2319 vacuo
1157 2281 1281 2319 solam
1321 2280 1516 2320 tabescere
1556 2282 1670 2320 lecto.

814 2365 855 2404 Si
882 2365 1010 2417 placet
1037 2365 1210 2413 insultet,
1238 2365 1446 2418 Lygdame,
1472 2368 1599 2407 morte
1627 2377 1725 2406 mea.

547 2448 752 2489 Distichon
788 2449 888 2501 quod
924 2450 1047 2490 altero
1083 2450 1168 2490 loco
1202 2450 1403 2503 posuimus
1440 2426 1762 2503 quemadmodum
1794 2449 1971 2502 intellegi
1998 2448 2134 2489 debeat
2162 2448 2229 2488 ob-

389 2545 543 2574 scurum
582 2534 652 2574 est.
717 2535 892 2575 Priorem
928 2535 1031 2575 enim
1069 2546 1223 2576 versum
1258 2536 1533 2588 interrogantis
1568 2548 1651 2576 esse
1686 2536 1859 2587 plerique
1893 2534 2069 2575 statuunt
2106 2535 2145 2574 et
2175 2534 2231 2574 sic

389 2618 707 2670 interpretantur:
764 2620 882 2670 quid?
922 2622 1099 2672 potestne
1127 2620 1195 2660 ille
1220 2633 1283 2660 me
1307 2621 1491 2661 miseram
1509 2620 1694 2668 deserere,
1722 2621 1829 2660 nullo
1847 2620 1960 2667 facto,
1989 2617 2029 2657 id
2056 2620 2117 2657 est
2144 2629 2231 2657 cum

389 2704 489 2743 nihil
517 2705 673 2744 omnino
701 2704 884 2746 fecerim?
936 2706 982 2744 In
1007 2706 1070 2745 his
1095 2707 1227 2746 autem
1246 2706 1357 2745 valde
1380 2706 1524 2758 frigent
1551 2718 1595 2746 ea
1622 2707 1706 2758 ipsa
1734 2706 1850 2745 verba
1874 2706 1915 2744 in
1942 2705 2081 2755 quibus
2108 2705 2230 2743 totius

390 2789 604 2829 sententiae
640 2790 700 2829 vis
732 2790 856 2830 inest:
895 2791 1012 2830 ‘nullo
1046 2791 1171 2830 facto’.
1226 2791 1482 2843 Expectamus
1521 2793 1625 2831 enim
1654 2792 1784 2843 paullo
1821 2791 2011 2842 apertiore
2045 2790 2230 2830 vocabulo

389 2875 651 2915 innocentiam
675 2875 827 2927 puellae
855 2875 1057 2923 declarari,
1085 2877 1193 2916 velut
1223 2877 1341 2916 ‘nullo
1368 2879 1545 2928 peccato,
1580 2876 1809 2916 commisso'.
1866 2875 1940 2915 Sed
1967 2876 2041 2915 hoc
2067 2887 2156 2915 cum
2182 2876 2231 2915 ad
