<?xml version="1.0" encoding="UTF-8"?>
<!DOCTYPE html PUBLIC "-//W3C//DTD XHTML 1.0 Transitional//EN"
    "http://www.w3.org/TR/xhtml1/DTD/xhtml1-transitional.dtd">
<html xmlns="http://www.w3.org/1999/xhtml" xml:lang="en" lang="en">
 <head>
  <title>
</title>
<meta http-equiv="Content-Type" content="text/html;charset=utf-8" />
  <meta name='ocr-system' content='tesseract 3.04.00' />
  <meta name='ocr-capabilities' content='ocr_page ocr_carea ocr_par ocr_line ocrx_word'/>
</head>
<body>
  <div class='ocr_page' id='page_1' title='image "./4777370_0018.png"; bbox 0 0 2766 3426; ppageno 0'>
   <div class='ocr_carea' id='block_1_1' title="bbox 0 3092 1592 3426">
    <p class='ocr_par' dir='ltr' id='par_1_1' title="bbox 0 3092 1592 3426">
     <span class='ocr_line' id='line_1_1' title="bbox 0 3092 1592 3426; baseline 0 0"><span class='ocrx_word' id='word_1_1' title='bbox 0 3092 1592 3426; x_wconf 95' lang='lat' dir='ltr'> </span> 
     </span>
    </p>
   </div>
   <div class='ocr_carea' id='block_1_2' title="bbox 0 0 2766 1272">
    <p class='ocr_par' dir='ltr' id='par_1_2' title="bbox 0 0 2766 1272">
     <span class='ocr_line' id='line_1_2' title="bbox 0 0 2766 1272; baseline 0 0"><span class='ocrx_word' id='word_1_2' title='bbox 0 0 2766 1272; x_wconf 95' lang='lat' dir='ltr'> </span> 
     </span>
    </p>
   </div>
   <div class='ocr_carea' id='block_1_3' title="bbox 536 1249 2402 2946">
    <p class='ocr_par' dir='ltr' id='par_1_3' title="bbox 1030 1249 1904 1357">
     <span class='ocr_line' id='line_1_3' title="bbox 1030 1249 1904 1357; baseline 0 -31"><span class='ocrx_word' id='word_1_3' title='bbox 1030 1285 1248 1339; x_wconf 62' lang='lat' dir='ltr'>Aeqmlm</span> <span class='ocrx_word' id='word_1_4' title='bbox 1271 1249 1432 1347; x_wconf 51' lang='grc'>11111183</span> <span class='ocrx_word' id='word_1_5' title='bbox 1458 1286 1586 1357; x_wconf 82' lang='lat' dir='ltr'>dioere</span> <span class='ocrx_word' id='word_1_6' title='bbox 1612 1286 1752 1326; x_wconf 75' lang='lat' dir='ltr'>habere</span> <span class='ocrx_word' id='word_1_7' title='bbox 1779 1285 1904 1329; x_wconf 83' lang='lat' dir='ltr'>domo.</span> 
     </span>
    </p>

    <p class='ocr_par' dir='ltr' id='par_1_4' title="bbox 536 1351 2398 1760">
     <span class='ocr_line' id='line_1_4' title="bbox 700 1351 2397 1423; baseline 0.001 -13"><span class='ocrx_word' id='word_1_8' title='bbox 700 1371 894 1412; x_wconf 67' lang='lat' dir='ltr'>Attamen</span> <span class='ocrx_word' id='word_1_9' title='bbox 917 1370 990 1411; x_wconf 74' lang='lat' dir='ltr'>hac</span> <span class='ocrx_word' id='word_1_10' title='bbox 1017 1371 1238 1412; x_wconf 68' lang='lat' dir='ltr'>mutatione</span> <span class='ocrx_word' id='word_1_11' title='bbox 1262 1351 1515 1423; x_wconf 69' lang='lat' dir='ltr'>quatumvis</span> <span class='ocrx_word' id='word_1_12' title='bbox 1548 1371 1655 1412; x_wconf 78' lang='lat' dir='ltr'>facili</span> <span class='ocrx_word' id='word_1_13' title='bbox 1682 1370 1877 1411; x_wconf 69' lang='lat' dir='ltr'>sententis</span> <span class='ocrx_word' id='word_1_14' title='bbox 1901 1370 2185 1422; x_wconf 71' lang='lat' dir='ltr'>pessumdatur.</span> <span class='ocrx_word' id='word_1_15' title='bbox 2213 1371 2397 1421; x_wconf 76' lang='lat' dir='ltr'>quoniam</span> 
     </span>
     <span class='ocr_line' id='line_1_5' title="bbox 536 1452 2396 1507; baseline 0.001 -14"><span class='ocrx_word' id='word_1_16' title='bbox 536 1454 764 1505; x_wconf 76' lang='lat' dir='ltr'>Propertius</span> <span class='ocrx_word' id='word_1_17' title='bbox 795 1466 872 1494; x_wconf 89' lang='lat' dir='ltr'>non</span> <span class='ocrx_word' id='word_1_18' title='bbox 901 1454 1021 1495; x_wconf 79' lang='lat' dir='ltr'>‘nullo</span> <span class='ocrx_word' id='word_1_19' title='bbox 1053 1454 1184 1494; x_wconf 85' lang='lat' dir='ltr'>vivere</span> <span class='ocrx_word' id='word_1_20' title='bbox 1212 1454 1389 1495; x_wconf 83' lang='lat' dir='ltr'>eonsilio’</span> <span class='ocrx_word' id='word_1_21' title='bbox 1418 1454 1613 1507; x_wconf 82' lang='lat' dir='ltr'>putandus</span> <span class='ocrx_word' id='word_1_22' title='bbox 1640 1455 1718 1500; x_wconf 80' lang='lat' dir='ltr'>est,</span> <span class='ocrx_word' id='word_1_23' title='bbox 1751 1453 1819 1493; x_wconf 89' lang='lat' dir='ltr'>sed</span> <span class='ocrx_word' id='word_1_24' title='bbox 1852 1455 1981 1493; x_wconf 77' lang='lat' dir='ltr'>certae</span> <span class='ocrx_word' id='word_1_25' title='bbox 2013 1452 2214 1494; x_wconf 75' lang='lat' dir='ltr'>cuiusdam</span> <span class='ocrx_word' id='word_1_26' title='bbox 2243 1455 2396 1506; x_wconf 76' lang='lat' dir='ltr'>puellae</span> 
     </span>
     <span class='ocr_line' id='line_1_6' title="bbox 541 1538 2397 1590; baseline 0.001 -13"><span class='ocrx_word' id='word_1_27' title='bbox 541 1538 737 1578; x_wconf 80' lang='lat' dir='ltr'><strong>illecebris</strong></span> <span class='ocrx_word' id='word_1_28' title='bbox 766 1540 902 1590; x_wconf 79' lang='lat' dir='ltr'>eaptus</span> <span class='ocrx_word' id='word_1_29' title='bbox 929 1541 1102 1579; x_wconf 85' lang='lat' dir='ltr'>veterem</span> <span class='ocrx_word' id='word_1_30' title='bbox 1127 1540 1297 1579; x_wconf 80' lang='lat' dir='ltr'><strong>amicam</strong></span> <span class='ocrx_word' id='word_1_31' title='bbox 1324 1538 1541 1579; x_wconf 85' lang='lat' dir='ltr'>deseruisse</span> <span class='ocrx_word' id='word_1_32' title='bbox 1569 1539 1739 1584; x_wconf 65' lang='lat' dir='ltr'>videtum</span> <span class='ocrx_word' id='word_1_33' title='bbox 1764 1538 1811 1578; x_wconf 82' lang='lat' dir='ltr'>cf.</span> <span class='ocrx_word' id='word_1_34' title='bbox 1840 1551 1876 1577; x_wconf 90' lang='lat' dir='ltr'>v.</span> <span class='ocrx_word' id='word_1_35' title='bbox 1897 1539 1960 1578; x_wconf 85' lang='lat'>25.</span> <span class='ocrx_word' id='word_1_36' title='bbox 2017 1538 2117 1578; x_wconf 84' lang='lat' dir='ltr'>‘Non</span> <span class='ocrx_word' id='word_1_37' title='bbox 2142 1551 2206 1578; x_wconf 90' lang='lat' dir='ltr'>me</span> <span class='ocrx_word' id='word_1_38' title='bbox 2224 1540 2397 1579; x_wconf 88' lang='lat' dir='ltr'>moribus</span> 
     </span>
     <span class='ocr_line' id='line_1_7' title="bbox 537 1623 2398 1675; baseline 0.002 -13"><span class='ocrx_word' id='word_1_39' title='bbox 537 1624 633 1663; x_wconf 89' lang='grc'>1113</span> <span class='ocrx_word' id='word_1_40' title='bbox 659 1624 727 1663; x_wconf 85' lang='lat' dir='ltr'>sed</span> <span class='ocrx_word' id='word_1_41' title='bbox 759 1624 889 1663; x_wconf 81' lang='lat' dir='ltr'>herbis</span> <span class='ocrx_word' id='word_1_42' title='bbox 917 1624 1077 1674; x_wconf 75' lang='lat' dir='ltr'>inproba</span> <span class='ocrx_word' id='word_1_43' title='bbox 1105 1625 1222 1667; x_wconf 80' lang='lat' dir='ltr'>vieit&#39;.</span> <span class='ocrx_word' id='word_1_44' title='bbox 1276 1625 1478 1673; x_wconf 84' lang='lat' dir='ltr'>Quomodo</span> <span class='ocrx_word' id='word_1_45' title='bbox 1515 1625 1637 1675; x_wconf 79' lang='lat' dir='ltr'>igitur</span> <span class='ocrx_word' id='word_1_46' title='bbox 1661 1624 1864 1674; x_wconf 75' lang='lat' dir='ltr'>aequalem</span> <span class='ocrx_word' id='word_1_47' title='bbox 1895 1623 2050 1663; x_wconf 81' lang='lat' dir='ltr'>multa</span> <span class='ocrx_word' id='word_1_48' title='bbox 2076 1623 2190 1664; x_wconf 89' lang='lat' dir='ltr'>domo</span> <span class='ocrx_word' id='word_1_49' title='bbox 2217 1636 2302 1664; x_wconf 88' lang='lat' dir='ltr'>sese</span> <span class='ocrx_word' id='word_1_50' title='bbox 2327 1626 2398 1665; x_wconf 83' lang='lat' dir='ltr'>ha-</span> 
     </span>
     <span class='ocr_line' id='line_1_8' title="bbox 540 1706 1312 1760; baseline 0.001 -13"><span class='ocrx_word' id='word_1_51' title='bbox 540 1707 629 1747; x_wconf 90' lang='lat' dir='ltr'>bere</span> <span class='ocrx_word' id='word_1_52' title='bbox 656 1706 783 1747; x_wconf 81' lang='lat' dir='ltr'>dicere</span> <span class='ocrx_word' id='word_1_53' title='bbox 809 1708 983 1760; x_wconf 86' lang='lat' dir='ltr'>potuerit</span> <span class='ocrx_word' id='word_1_54' title='bbox 1009 1718 1085 1746; x_wconf 90' lang='lat' dir='ltr'>non</span> <span class='ocrx_word' id='word_1_55' title='bbox 1113 1708 1312 1760; x_wconf 77' lang='lat' dir='ltr'>intellego.</span> 
     </span>
    </p>

    <p class='ocr_par' dir='ltr' id='par_1_5' title="bbox 536 1792 2400 2183">
     <span class='ocr_line' id='line_1_9' title="bbox 698 1792 2400 1844; baseline 0.001 -12"><span class='ocrx_word' id='word_1_56' title='bbox 698 1793 836 1844; x_wconf 77' lang='lat' dir='ltr'>Itaque</span> <span class='ocrx_word' id='word_1_57' title='bbox 864 1792 914 1833; x_wconf 83' lang='lat' dir='ltr'>ad</span> <span class='ocrx_word' id='word_1_58' title='bbox 940 1793 1106 1832; x_wconf 78' lang='lat' dir='ltr'>alteram</span> <span class='ocrx_word' id='word_1_59' title='bbox 1132 1793 1322 1834; x_wconf 75' lang='lat' dir='ltr'>rationem</span> <span class='ocrx_word' id='word_1_60' title='bbox 1352 1792 1649 1844; x_wconf 75' lang='lat' dir='ltr'>confugiendum</span> <span class='ocrx_word' id='word_1_61' title='bbox 1679 1794 1751 1839; x_wconf 82' lang='lat' dir='ltr'>est,</span> <span class='ocrx_word' id='word_1_62' title='bbox 1778 1804 1866 1832; x_wconf 84' lang='lat' dir='ltr'>cum</span> <span class='ocrx_word' id='word_1_63' title='bbox 1892 1793 2122 1844; x_wconf 78' lang='lat' dir='ltr'>praesertim</span> <span class='ocrx_word' id='word_1_64' title='bbox 2145 1795 2249 1844; x_wconf 89' lang='lat' dir='ltr'>prior</span> <span class='ocrx_word' id='word_1_65' title='bbox 2268 1805 2400 1834; x_wconf 83' lang='lat' dir='ltr'>versus</span> 
     </span>
     <span class='ocr_line' id='line_1_10' title="bbox 538 1877 2399 1929; baseline 0.002 -14"><span class='ocrx_word' id='word_1_66' title='bbox 538 1878 670 1928; x_wconf 84' lang='lat' dir='ltr'>peooet</span> <span class='ocrx_word' id='word_1_67' title='bbox 707 1880 841 1917; x_wconf 83' lang='lat' dir='ltr'>contra</span> <span class='ocrx_word' id='word_1_68' title='bbox 880 1879 1013 1917; x_wconf 85' lang='lat' dir='ltr'>notam</span> <span class='ocrx_word' id='word_1_69' title='bbox 1045 1877 1157 1916; x_wconf 88' lang='lat' dir='ltr'>illam</span> <span class='ocrx_word' id='word_1_70' title='bbox 1194 1882 1414 1928; x_wconf 75' lang='lat' dir='ltr'><strong>certamque</strong></span> <span class='ocrx_word' id='word_1_71' title='bbox 1442 1877 1679 1916; x_wconf 80' lang='lat' dir='ltr'>Lachmanni</span> <span class='ocrx_word' id='word_1_72' title='bbox 1716 1878 2043 1924; x_wconf 76' lang='lat' dir='ltr'>observationem,</span> <span class='ocrx_word' id='word_1_73' title='bbox 2081 1888 2157 1929; x_wconf 85' lang='lat' dir='ltr'>qua</span> <span class='ocrx_word' id='word_1_74' title='bbox 2185 1880 2332 1917; x_wconf 86' lang='lat' dir='ltr'>veteres</span> <span class='ocrx_word' id='word_1_75' title='bbox 2358 1879 2399 1918; x_wconf 91' lang='lat' dir='ltr'>in</span> 
     </span>
     <span class='ocr_line' id='line_1_11' title="bbox 536 1961 2400 2013; baseline -0.002 -9"><span class='ocrx_word' id='word_1_76' title='bbox 536 1961 664 2004; x_wconf 83' lang='lat' dir='ltr'>facti</span> <span class='ocrx_word' id='word_1_77' title='bbox 692 1962 878 2001; x_wconf 83' lang='lat' dir='ltr'>vocabulo</span> <span class='ocrx_word' id='word_1_78' title='bbox 907 1962 1094 2013; x_wconf 83' lang='lat' dir='ltr'>singulari</span> <span class='ocrx_word' id='word_1_79' title='bbox 1124 1973 1282 2001; x_wconf 91' lang='lat' dir='ltr'>numero</span> <span class='ocrx_word' id='word_1_80' title='bbox 1309 1962 1437 2013; x_wconf 86' lang='lat' dir='ltr'>posito</span> <span class='ocrx_word' id='word_1_81' title='bbox 1468 1961 1633 2001; x_wconf 86' lang='lat' dir='ltr'>subiecti</span> <span class='ocrx_word' id='word_1_82' title='bbox 1662 1961 1916 2001; x_wconf 84' lang='lat' dir='ltr'>variationem</span> <span class='ocrx_word' id='word_1_83' title='bbox 1943 1973 2018 2001; x_wconf 92' lang='lat' dir='ltr'>non</span> <span class='ocrx_word' id='word_1_84' title='bbox 2046 1962 2250 2002; x_wconf 84' lang='lat' dir='ltr'>admisisse</span> <span class='ocrx_word' id='word_1_85' title='bbox 2268 1962 2400 2001; x_wconf 83' lang='lat' dir='ltr'>docuit</span> 
     </span>
     <span class='ocr_line' id='line_1_12' title="bbox 539 2046 2400 2101; baseline 0 -15"><span class='ocrx_word' id='word_1_86' title='bbox 539 2046 602 2101; x_wconf 84' lang='lat' dir='ltr'>[ad</span> <span class='ocrx_word' id='word_1_87' title='bbox 629 2046 742 2086; x_wconf 87' lang='lat' dir='ltr'>Lucr.</span> <span class='ocrx_word' id='word_1_88' title='bbox 779 2059 817 2099; x_wconf 92' lang='lat' dir='ltr'>p.</span> <span class='ocrx_word' id='word_1_89' title='bbox 846 2046 929 2099; x_wconf 87' lang='grc'>63].</span> <span class='ocrx_word' id='word_1_90' title='bbox 998 2047 1162 2087; x_wconf 78' lang='lat' dir='ltr'>Accedit</span> <span class='ocrx_word' id='word_1_91' title='bbox 1195 2046 1297 2098; x_wconf 89' lang='lat' dir='ltr'>quod</span> <span class='ocrx_word' id='word_1_92' title='bbox 1337 2046 1460 2086; x_wconf 80' lang='lat' dir='ltr'>iacti</span> <span class='ocrx_word' id='word_1_93' title='bbox 1498 2046 1682 2086; x_wconf 81' lang='lat' dir='ltr'>vocabulo</span> <span class='ocrx_word' id='word_1_94' title='bbox 1725 2050 1876 2097; x_wconf 84' lang='lat' dir='ltr'>praeter</span> <span class='ocrx_word' id='word_1_95' title='bbox 1912 2046 2013 2086; x_wconf 88' lang='grc'>1111110</span> <span class='ocrx_word' id='word_1_96' title='bbox 2052 2046 2183 2086; x_wconf 88' lang='grc'>10011111</span> <span class='ocrx_word' id='word_1_97' title='bbox 2210 2057 2400 2097; x_wconf 87' lang='lat' dir='ltr'>nusquam</span> 
     </span>
     <span class='ocr_line' id='line_1_13' title="bbox 536 2130 1185 2183; baseline -0.002 -12"><span class='ocrx_word' id='word_1_98' title='bbox 536 2130 763 2183; x_wconf 78' lang='lat' dir='ltr'>Propertius</span> <span class='ocrx_word' id='word_1_99' title='bbox 791 2141 885 2172; x_wconf 91' lang='lat' dir='ltr'>usus</span> <span class='ocrx_word' id='word_1_100' title='bbox 910 2141 994 2172; x_wconf 89' lang='lat' dir='ltr'>esse</span> <span class='ocrx_word' id='word_1_101' title='bbox 1022 2130 1185 2173; x_wconf 88' lang='lat' dir='ltr'>videtur.</span> 
     </span>
    </p>

    <p class='ocr_par' dir='ltr' id='par_1_6' title="bbox 536 2212 2402 2437">
     <span class='ocr_line' id='line_1_14' title="bbox 697 2212 2401 2268; baseline -0.001 -10"><span class='ocrx_word' id='word_1_102' title='bbox 697 2214 772 2257; x_wconf 91' lang='lat' dir='ltr'>His</span> <span class='ocrx_word' id='word_1_103' title='bbox 808 2214 1170 2258; x_wconf 73' lang='lat' dir='ltr'>ratiocinationibus</span> <span class='ocrx_word' id='word_1_104' title='bbox 1208 2214 1288 2258; x_wconf 81' lang='lat' dir='ltr'>iam</span> <span class='ocrx_word' id='word_1_105' title='bbox 1329 2225 1374 2256; x_wconf 90' lang='lat' dir='ltr'>eo</span> <span class='ocrx_word' id='word_1_106' title='bbox 1401 2212 1627 2255; x_wconf 81' lang='lat' dir='ltr'>deducimur</span> <span class='ocrx_word' id='word_1_107' title='bbox 1652 2214 1697 2255; x_wconf 91' lang='lat' dir='ltr'>ut</span> <span class='ocrx_word' id='word_1_108' title='bbox 1724 2213 1765 2256; x_wconf 89' lang='lat' dir='ltr'>in</span> <span class='ocrx_word' id='word_1_109' title='bbox 1796 2213 1868 2257; x_wconf 84' lang='lat' dir='ltr'>hoe</span> <span class='ocrx_word' id='word_1_110' title='bbox 1894 2213 1979 2268; x_wconf 91' lang='lat' dir='ltr'>ipso</span> <span class='ocrx_word' id='word_1_111' title='bbox 2009 2213 2193 2257; x_wconf 82' lang='lat' dir='ltr'>vocabulo</span> <span class='ocrx_word' id='word_1_112' title='bbox 2219 2213 2401 2257; x_wconf 80' lang='lat' dir='ltr'><strong>mendam</strong></span> 
     </span>
     <span class='ocr_line' id='line_1_15' title="bbox 537 2298 2402 2353; baseline 0 -13"><span class='ocrx_word' id='word_1_113' title='bbox 537 2302 694 2341; x_wconf 79' lang='lat' dir='ltr'>subesse</span> <span class='ocrx_word' id='word_1_114' title='bbox 736 2302 988 2353; x_wconf 81' lang='lat' dir='ltr'>suspicemur.</span> <span class='ocrx_word' id='word_1_115' title='bbox 1052 2301 1183 2351; x_wconf 89' lang='lat' dir='ltr'>Atque</span> <span class='ocrx_word' id='word_1_116' title='bbox 1220 2299 1359 2351; x_wconf 84' lang='lat' dir='ltr'>duplex</span> <span class='ocrx_word' id='word_1_117' title='bbox 1394 2298 1623 2339; x_wconf 86' lang='lat' dir='ltr'>emendandi</span> <span class='ocrx_word' id='word_1_118' title='bbox 1658 2298 1722 2338; x_wconf 83' lang='lat' dir='ltr'>via</span> <span class='ocrx_word' id='word_1_119' title='bbox 1758 2298 1870 2339; x_wconf 90' lang='lat' dir='ltr'>nobis</span> <span class='ocrx_word' id='word_1_120' title='bbox 1906 2300 2033 2351; x_wconf 83' lang='lat' dir='ltr'>patet:</span> <span class='ocrx_word' id='word_1_121' title='bbox 2083 2300 2150 2340; x_wconf 87' lang='lat' dir='ltr'>aut</span> <span class='ocrx_word' id='word_1_122' title='bbox 2188 2300 2292 2340; x_wconf 89' lang='lat' dir='ltr'>enim</span> <span class='ocrx_word' id='word_1_123' title='bbox 2326 2312 2402 2340; x_wconf 85' lang='grc'>11113</span> 
     </span>
     <span class='ocr_line' id='line_1_16' title="bbox 536 2387 1172 2437; baseline -0.002 -12"><span class='ocrx_word' id='word_1_124' title='bbox 536 2387 671 2425; x_wconf 82' lang='lat' dir='ltr'>littera</span> <span class='ocrx_word' id='word_1_125' title='bbox 699 2387 856 2437; x_wconf 80' lang='lat' dir='ltr'>dempta</span> <span class='ocrx_word' id='word_1_126' title='bbox 884 2388 1050 2426; x_wconf 85' lang='lat' dir='ltr'>scribere</span> <span class='ocrx_word' id='word_1_127' title='bbox 1077 2387 1172 2425; x_wconf 84' lang='lat' dir='ltr'>lieet</span> 
     </span>
    </p>

    <p class='ocr_par' dir='ltr' id='par_1_7' title="bbox 536 2467 2018 2946">
     <span class='ocr_line' id='line_1_17' title="bbox 958 2467 1953 2522; baseline -0.004 -10"><span class='ocrx_word' id='word_1_128' title='bbox 958 2472 1032 2512; x_wconf 85' lang='lat' dir='ltr'>Ille</span> <span class='ocrx_word' id='word_1_129' title='bbox 1057 2471 1187 2522; x_wconf 83' lang='lat' dir='ltr'>potest</span> <span class='ocrx_word' id='word_1_130' title='bbox 1213 2469 1321 2508; x_wconf 83' lang='lat' dir='ltr'>nullo</span> <span class='ocrx_word' id='word_1_131' title='bbox 1342 2467 1527 2507; x_wconf 78' lang='lat' dir='ltr'>miseram</span> <span class='ocrx_word' id='word_1_132' title='bbox 1552 2479 1616 2506; x_wconf 89' lang='lat' dir='ltr'>me</span> <span class='ocrx_word' id='word_1_133' title='bbox 1644 2467 1817 2518; x_wconf 83' lang='lat' dir='ltr'>linquere</span> <span class='ocrx_word' id='word_1_134' title='bbox 1849 2468 1868 2507; x_wconf 91' lang='lat' dir='ltr'><strong>f</strong></span> <span class='ocrx_word' id='word_1_135' title='bbox 1872 2471 1953 2508; x_wconf 85' lang='lat' dir='ltr'>ato</span> 
     </span>
     <span class='ocr_line' id='line_1_18' title="bbox 539 2551 1565 2605; baseline -0.005 -11"><span class='ocrx_word' id='word_1_136' title='bbox 539 2555 792 2595; x_wconf 88' lang='lat' dir='ltr'>insolentiore</span> <span class='ocrx_word' id='word_1_137' title='bbox 820 2555 973 2596; x_wconf 79' lang='lat' dir='ltr'>dicendi</span> <span class='ocrx_word' id='word_1_138' title='bbox 997 2556 1160 2602; x_wconf 81' lang='lat' dir='ltr'>ratione,</span> <span class='ocrx_word' id='word_1_139' title='bbox 1185 2554 1253 2593; x_wconf 85' lang='lat' dir='ltr'>aut</span> <span class='ocrx_word' id='word_1_140' title='bbox 1281 2551 1565 2605; x_wconf 83' lang='lat' dir='ltr'>reponendum:</span> 
     </span>
     <span class='ocr_line' id='line_1_19' title="bbox 936 2636 1988 2693; baseline -0.002 -12"><span class='ocrx_word' id='word_1_141' title='bbox 936 2639 1011 2681; x_wconf 89' lang='lat' dir='ltr'>Ille</span> <span class='ocrx_word' id='word_1_142' title='bbox 1035 2640 1168 2693; x_wconf 82' lang='lat' dir='ltr'>potest</span> <span class='ocrx_word' id='word_1_143' title='bbox 1194 2638 1301 2680; x_wconf 91' lang='lat' dir='ltr'>nullo</span> <span class='ocrx_word' id='word_1_144' title='bbox 1328 2636 1517 2678; x_wconf 79' lang='lat' dir='ltr'>miseram</span> <span class='ocrx_word' id='word_1_145' title='bbox 1542 2647 1605 2677; x_wconf 89' lang='lat' dir='ltr'>me</span> <span class='ocrx_word' id='word_1_146' title='bbox 1633 2639 1807 2690; x_wconf 84' lang='lat' dir='ltr'>linquere</span> <span class='ocrx_word' id='word_1_147' title='bbox 1835 2641 1988 2690; x_wconf 83' lang='lat' dir='ltr'>pacto.</span> 
     </span>
     <span class='ocr_line' id='line_1_20' title="bbox 536 2723 2018 2778; baseline 0 -14"><span class='ocrx_word' id='word_1_148' title='bbox 536 2723 673 2777; x_wconf 83' lang='lat' dir='ltr'>Itaque</span> <span class='ocrx_word' id='word_1_149' title='bbox 700 2725 832 2778; x_wconf 80' lang='lat' dir='ltr'>puella</span> <span class='ocrx_word' id='word_1_150' title='bbox 859 2725 1032 2778; x_wconf 88' lang='lat' dir='ltr'>primum</span> <span class='ocrx_word' id='word_1_151' title='bbox 1058 2724 1345 2776; x_wconf 83' lang='lat' dir='ltr'>indignabunde</span> <span class='ocrx_word' id='word_1_152' title='bbox 1372 2724 1546 2776; x_wconf 75' lang='lat' dir='ltr'>increpat</span> <span class='ocrx_word' id='word_1_153' title='bbox 1575 2723 1769 2776; x_wconf 81' lang='lat' dir='ltr'>Propertii</span> <span class='ocrx_word' id='word_1_154' title='bbox 1797 2723 2018 2777; x_wconf 84' lang='lat' dir='ltr'>perfidiam:</span> 
     </span>
     <span class='ocr_line' id='line_1_21' title="bbox 861 2808 2007 2861; baseline -0.002 -10"><span class='ocrx_word' id='word_1_155' title='bbox 861 2810 970 2851; x_wconf 81' lang='lat' dir='ltr'>Haec</span> <span class='ocrx_word' id='word_1_156' title='bbox 1001 2811 1042 2851; x_wconf 93' lang='lat' dir='ltr'>te</span> <span class='ocrx_word' id='word_1_157' title='bbox 1068 2811 1171 2850; x_wconf 84' lang='lat' dir='ltr'>teste</span> <span class='ocrx_word' id='word_1_158' title='bbox 1195 2809 1296 2849; x_wconf 87' lang='lat' dir='ltr'>mihi</span> <span class='ocrx_word' id='word_1_159' title='bbox 1323 2809 1568 2861; x_wconf 79' lang='lat' dir='ltr'>promissast,</span> <span class='ocrx_word' id='word_1_160' title='bbox 1593 2808 1801 2860; x_wconf 86' lang='lat' dir='ltr'>Lygdame‚</span> <span class='ocrx_word' id='word_1_161' title='bbox 1830 2810 2007 2849; x_wconf 78' lang='lat' dir='ltr'>meroes?</span> 
     </span>
     <span class='ocr_line' id='line_1_22' title="bbox 969 2893 1841 2946; baseline -0.002 -12"><span class='ocrx_word' id='word_1_162' title='bbox 969 2894 1041 2934; x_wconf 82' lang='lat' dir='ltr'>Est</span> <span class='ocrx_word' id='word_1_163' title='bbox 1066 2905 1212 2946; x_wconf 80' lang='lat' dir='ltr'>poenae</span> <span class='ocrx_word' id='word_1_164' title='bbox 1240 2905 1350 2933; x_wconf 86' lang='lat' dir='ltr'>servo</span> <span class='ocrx_word' id='word_1_165' title='bbox 1379 2902 1557 2945; x_wconf 82' lang='lat' dir='ltr'>rumpere</span> <span class='ocrx_word' id='word_1_166' title='bbox 1583 2894 1684 2932; x_wconf 84' lang='lat' dir='ltr'>teste</span> <span class='ocrx_word' id='word_1_167' title='bbox 1712 2893 1841 2934; x_wconf 86' lang='lat' dir='ltr'>fidem.</span> 
     </span>
    </p>
   </div>
   <div class='ocr_carea' id='block_1_4' title="bbox 1997 3300 2766 3426">
    <p class='ocr_par' dir='ltr' id='par_1_8' title="bbox 1997 3300 2766 3426">
     <span class='ocr_line' id='line_1_23' title="bbox 1997 3300 2766 3426; baseline 0 0"><span class='ocrx_word' id='word_1_168' title='bbox 1997 3300 2766 3426; x_wconf 95' lang='lat' dir='ltr'> </span> 
     </span>
    </p>
   </div>
  </div>
 </body>
</html>
