<?xml version="1.0" encoding="UTF-8"?>
<!DOCTYPE html PUBLIC "-//W3C//DTD XHTML 1.0 Transitional//EN"
    "http://www.w3.org/TR/xhtml1/DTD/xhtml1-transitional.dtd">
<html xmlns="http://www.w3.org/1999/xhtml" xml:lang="en" lang="en">
 <head>
  <title>
</title>
<meta http-equiv="Content-Type" content="text/html;charset=utf-8" />
  <meta name='ocr-system' content='tesseract 3.04.00' />
  <meta name='ocr-capabilities' content='ocr_page ocr_carea ocr_par ocr_line ocrx_word'/>
</head>
<body>
  <div class='ocr_page' id='page_1' title='image "./4777370_0019.png"; bbox 0 0 2766 3426; ppageno 0'>
   <div class='ocr_carea' id='block_1_1' title="bbox 0 0 2766 946">
    <p class='ocr_par' dir='ltr' id='par_1_1' title="bbox 0 0 2766 946">
     <span class='ocr_line' id='line_1_1' title="bbox 0 0 2766 946; baseline 0 0"><span class='ocrx_word' id='word_1_1' title='bbox 0 0 2766 946; x_wconf 95' lang='lat' dir='ltr'> </span> 
     </span>
    </p>
   </div>
   <div class='ocr_carea' id='block_1_2' title="bbox 380 949 2228 1028">
    <p class='ocr_par' dir='ltr' id='par_1_2' title="bbox 380 931 2228 1028">
     <span class='ocr_line' id='line_1_2' title="bbox 380 949 2228 1028; baseline 0.001 -22"><span class='ocrx_word' id='word_1_2' title='bbox 380 961 439 1012; x_wconf 75' lang='lat' dir='ltr'>At</span> <span class='ocrx_word' id='word_1_3' title='bbox 469 964 578 1006; x_wconf 87' lang='lat' dir='ltr'>omni</span> <span class='ocrx_word' id='word_1_4' title='bbox 594 959 651 1028; x_wconf 88' lang='grc' dir='ltr'>ιιι</span> <span class='ocrx_word' id='word_1_5' title='bbox 682 959 854 1007; x_wconf 69' lang='lat' dir='ltr'>micum</span> <span class='ocrx_word' id='word_1_6' title='bbox 886 959 1064 1021; x_wconf 66' lang='lat' dir='ltr'>deposita</span> <span class='ocrx_word' id='word_1_7' title='bbox 1092 949 1307 1007; x_wconf 64' lang='lat' dir='ltr'>animosis</span> <span class='ocrx_word' id='word_1_8' title='bbox 1338 951 1343 967; x_wconf 72' lang='lat'>⁵</span> <span class='ocrx_word' id='word_1_9' title='bbox 1536 962 1693 1018; x_wconf 58' lang='lat' dir='ltr'>dvm</span> <span class='ocrx_word' id='word_1_10' title='bbox 1711 964 1761 1006; x_wconf 85' lang='lat' dir='ltr'>in</span> <span class='ocrx_word' id='word_1_11' title='bbox 1785 964 1922 1005; x_wconf 73' lang='lat' dir='ltr'>rivalis</span> <span class='ocrx_word' id='word_1_12' title='bbox 1947 966 2052 1006; x_wconf 78' lang='lat' dir='ltr'>artes</span> <span class='ocrx_word' id='word_1_13' title='bbox 2078 965 2228 1007; x_wconf 76' lang='lat' dir='ltr'>confert</span> 
     </span>
    </p>
   </div>
   <div class='ocr_carea' id='block_1_3' title="bbox 382 1127 2229 1445">
    <p class='ocr_par' dir='ltr' id='par_1_3' title="bbox 382 1127 2229 1445">
     <span class='ocr_line' id='line_1_3' title="bbox 752 1127 1823 1189; baseline -0.002 -12"><span class='ocrx_word' id='word_1_14' title='bbox 752 1132 842 1178; x_wconf 80' lang='lat' dir='ltr'>Non</span> <span class='ocrx_word' id='word_1_15' title='bbox 867 1147 932 1178; x_wconf 87' lang='lat' dir='ltr'>me</span> <span class='ocrx_word' id='word_1_16' title='bbox 958 1135 1134 1179; x_wconf 85' lang='lat' dir='ltr'>moribus</span> <span class='ocrx_word' id='word_1_17' title='bbox 1160 1127 1244 1183; x_wconf 72' lang='lat' dir='ltr'>ills.</span> <span class='ocrx_word' id='word_1_18' title='bbox 1271 1127 1339 1177; x_wconf 78' lang='lat' dir='ltr'>sed</span> <span class='ocrx_word' id='word_1_19' title='bbox 1365 1132 1496 1180; x_wconf 55' lang='lat' dir='ltr'>herm</span> <span class='ocrx_word' id='word_1_20' title='bbox 1520 1132 1682 1189; x_wconf 72' lang='lat' dir='ltr'>inproba</span> <span class='ocrx_word' id='word_1_21' title='bbox 1705 1134 1823 1176; x_wconf 73' lang='lat' dir='ltr'>vicit·</span> 
     </span>
     <span class='ocr_line' id='line_1_4' title="bbox 785 1200 1636 1284; baseline -0.002 -21"><span class='ocrx_word' id='word_1_22' title='bbox 785 1217 800 1223; x_wconf 81' lang='lat'><strong><em>‘</em></strong></span> <span class='ocrx_word' id='word_1_23' title='bbox 859 1200 1059 1263; x_wconf 72' lang='lat' dir='ltr'>staminea</span> <span class='ocrx_word' id='word_1_24' title='bbox 1082 1220 1237 1262; x_wconf 83' lang='lat' dir='ltr'><strong>rhombi</strong></span> <span class='ocrx_word' id='word_1_25' title='bbox 1263 1219 1516 1262; x_wconf 67' lang='lat' dir='ltr'>ducit-rme</span> <span class='ocrx_word' id='word_1_26' title='bbox 1536 1220 1636 1284; x_wconf 74' lang='lat' dir='ltr'>tota.</span> 
     </span>
     <span class='ocr_line' id='line_1_5' title="bbox 383 1302 2229 1385; baseline -0.001 -37"><span class='ocrx_word' id='word_1_27' title='bbox 383 1308 503 1348; x_wconf 81' lang='lat' dir='ltr'>Vides</span> <span class='ocrx_word' id='word_1_28' title='bbox 529 1307 610 1347; x_wconf 72' lang='lat' dir='ltr'>iam</span> <span class='ocrx_word' id='word_1_29' title='bbox 633 1317 751 1358; x_wconf 77' lang='lat' dir='ltr'>quam</span> <span class='ocrx_word' id='word_1_30' title='bbox 779 1304 875 1347; x_wconf 81' lang='lat' dir='ltr'>bone</span> <span class='ocrx_word' id='word_1_31' title='bbox 911 1308 1027 1359; x_wconf 85' lang='lat' dir='ltr'>poeta</span> <span class='ocrx_word' id='word_1_32' title='bbox 1062 1302 1237 1347; x_wconf 83' lang='lat' dir='ltr'>animum</span> <span class='ocrx_word' id='word_1_33' title='bbox 1269 1305 1430 1358; x_wconf 68' lang='lat' dir='ltr'>puellae</span> <span class='ocrx_word' id='word_1_34' title='bbox 1449 1305 1559 1350; x_wconf 68' lang='lat' dir='ltr'>inter</span> <span class='ocrx_word' id='word_1_35' title='bbox 1589 1305 1668 1346; x_wconf 81' lang='lat' dir='ltr'>iras</span> <span class='ocrx_word' id='word_1_36' title='bbox 1708 1306 1825 1385; x_wconf 73' lang='lat' dir='ltr'>atque</span> <span class='ocrx_word' id='word_1_37' title='bbox 1864 1316 1974 1358; x_wconf 84' lang='lat' dir='ltr'>spem</span> <span class='ocrx_word' id='word_1_38' title='bbox 2004 1305 2229 1346; x_wconf 73' lang='lat' dir='ltr'>fluctuantis</span> 
     </span>
     <span class='ocr_line' id='line_1_6' title="bbox 382 1393 612 1445; baseline -0.004 -12"><span class='ocrx_word' id='word_1_39' title='bbox 382 1393 612 1445; x_wconf 73' lang='lat' dir='ltr'><strong>depinxerit.</strong></span> 
     </span>
    </p>
   </div>
   <div class='ocr_carea' id='block_1_4' title="bbox 382 1607 2239 2854">
    <p class='ocr_par' dir='ltr' id='par_1_4' title="bbox 382 1607 2232 2178">
     <span class='ocr_line' id='line_1_7' title="bbox 542 1607 2230 1666; baseline -0.001 -11"><span class='ocrx_word' id='word_1_40' title='bbox 542 1614 712 1666; x_wconf 78' lang='lat' dir='ltr'><strong>Augusti</strong></span> <span class='ocrx_word' id='word_1_41' title='bbox 745 1613 950 1655; x_wconf 70' lang='lat' dir='ltr'>victoriam</span> <span class='ocrx_word' id='word_1_42' title='bbox 982 1612 1186 1653; x_wconf 64' lang='lat' dir='ltr'>Actiacam</span> <span class='ocrx_word' id='word_1_43' title='bbox 1219 1610 1478 1653; x_wconf 69' lang='lat' dir='ltr'>celebraturus</span> <span class='ocrx_word' id='word_1_44' title='bbox 1514 1610 1600 1665; x_wconf 85' lang='lat' dir='ltr'>[IV.</span> <span class='ocrx_word' id='word_1_45' title='bbox 1655 1613 1672 1664; x_wconf 97' lang='lat'>]</span> <span class='ocrx_word' id='word_1_46' title='bbox 1700 1607 1900 1664; x_wconf 82' lang='lat' dir='ltr'>ingenioso</span> <span class='ocrx_word' id='word_1_47' title='bbox 1933 1623 2028 1653; x_wconf 80' lang='lat' dir='ltr'>sane</span> <span class='ocrx_word' id='word_1_48' title='bbox 2065 1613 2230 1654; x_wconf 81' lang='lat' dir='ltr'>artificio</span> 
     </span>
     <span class='ocr_line' id='line_1_8' title="bbox 382 1696 2231 1751; baseline -0.001 -12"><span class='ocrx_word' id='word_1_49' title='bbox 382 1701 499 1751; x_wconf 87' lang='lat' dir='ltr'>poeta</span> <span class='ocrx_word' id='word_1_50' title='bbox 525 1698 713 1739; x_wconf 80' lang='lat' dir='ltr'>delicatus</span> <span class='ocrx_word' id='word_1_51' title='bbox 741 1699 789 1739; x_wconf 85' lang='lat' dir='ltr'>ab</span> <span class='ocrx_word' id='word_1_52' title='bbox 810 1698 896 1750; x_wconf 80' lang='lat' dir='ltr'>ipso</span> <span class='ocrx_word' id='word_1_53' title='bbox 925 1699 967 1738; x_wconf 93' lang='lat' dir='ltr'>in</span> <span class='ocrx_word' id='word_1_54' title='bbox 995 1709 1069 1749; x_wconf 87' lang='lat' dir='ltr'>quo</span> <span class='ocrx_word' id='word_1_55' title='bbox 1098 1697 1208 1749; x_wconf 80' lang='lat' dir='ltr'>quasi</span> <span class='ocrx_word' id='word_1_56' title='bbox 1226 1696 1378 1737; x_wconf 76' lang='lat' dir='ltr'>habitat</span> <span class='ocrx_word' id='word_1_57' title='bbox 1403 1708 1579 1736; x_wconf 80' lang='lat' dir='ltr'>amorum</span> <span class='ocrx_word' id='word_1_58' title='bbox 1744 1698 1833 1736; x_wconf 85' lang='lat' dir='ltr'>ento</span> <span class='ocrx_word' id='word_1_59' title='bbox 1851 1696 2045 1748; x_wconf 77' lang='lat' dir='ltr'>profectus</span> <span class='ocrx_word' id='word_1_60' title='bbox 2065 1699 2231 1749; x_wconf 81' lang='lat' dir='ltr'>explieat</span> 
     </span>
     <span class='ocr_line' id='line_1_9' title="bbox 384 1781 2230 1836; baseline -0.001 -12"><span class='ocrx_word' id='word_1_61' title='bbox 384 1785 554 1836; x_wconf 87' lang='lat' dir='ltr'>primum</span> <span class='ocrx_word' id='word_1_62' title='bbox 583 1795 650 1823; x_wconf 84' lang='lat' dir='ltr'>our</span> <span class='ocrx_word' id='word_1_63' title='bbox 676 1784 821 1824; x_wconf 82' lang='lat' dir='ltr'>femina</span> <span class='ocrx_word' id='word_1_64' title='bbox 848 1795 889 1823; x_wconf 87' lang='lat' dir='ltr'>se</span> <span class='ocrx_word' id='word_1_65' title='bbox 918 1783 988 1822; x_wconf 85' lang='lat' dir='ltr'>sub</span> <span class='ocrx_word' id='word_1_66' title='bbox 1016 1790 1086 1822; x_wconf 88' lang='lat' dir='ltr'>sua</span> <span class='ocrx_word' id='word_1_67' title='bbox 1111 1782 1198 1822; x_wconf 83' lang='lat' dir='ltr'>iura</span> <span class='ocrx_word' id='word_1_68' title='bbox 1224 1781 1422 1822; x_wconf 80' lang='lat' dir='ltr'>addietum</span> <span class='ocrx_word' id='word_1_69' title='bbox 1450 1782 1590 1822; x_wconf 80' lang='lat' dir='ltr'>trahat.</span> <span class='ocrx_word' id='word_1_70' title='bbox 1647 1782 1801 1822; x_wconf 86' lang='lat' dir='ltr'>Timere</span> <span class='ocrx_word' id='word_1_71' title='bbox 1828 1782 1933 1822; x_wconf 90' lang='lat' dir='ltr'>enim</span> <span class='ocrx_word' id='word_1_72' title='bbox 1962 1794 2003 1823; x_wconf 88' lang='lat' dir='ltr'>se</span> <span class='ocrx_word' id='word_1_73' title='bbox 2022 1783 2230 1823; x_wconf 80' lang='lat' dir='ltr'>muliebres</span> 
     </span>
     <span class='ocr_line' id='line_1_10' title="bbox 384 1867 2232 1920; baseline 0 -12"><span class='ocrx_word' id='word_1_74' title='bbox 384 1869 540 1908; x_wconf 77' lang='lat' dir='ltr'>animos</span> <span class='ocrx_word' id='word_1_75' title='bbox 565 1869 741 1920; x_wconf 82' lang='lat' dir='ltr'>viresque</span> <span class='ocrx_word' id='word_1_76' title='bbox 768 1868 964 1908; x_wconf 78' lang='lat' dir='ltr'>interdum</span> <span class='ocrx_word' id='word_1_77' title='bbox 988 1868 1091 1907; x_wconf 79' lang='lat' dir='ltr'>ultra</span> <span class='ocrx_word' id='word_1_78' title='bbox 1118 1867 1212 1906; x_wconf 89' lang='lat' dir='ltr'>fines</span> <span class='ocrx_word' id='word_1_79' title='bbox 1237 1867 1285 1908; x_wconf 90' lang='lat' dir='ltr'>ab</span> <span class='ocrx_word' id='word_1_80' title='bbox 1313 1868 1398 1918; x_wconf 85' lang='lat' dir='ltr'>ipso</span> <span class='ocrx_word' id='word_1_81' title='bbox 1426 1878 1519 1907; x_wconf 84' lang='lat' dir='ltr'>sexu</span> <span class='ocrx_word' id='word_1_82' title='bbox 1545 1869 1713 1908; x_wconf 80' lang='lat' dir='ltr'>statutos</span> <span class='ocrx_word' id='word_1_83' title='bbox 1742 1870 1848 1909; x_wconf 87' lang='lat' dir='ltr'>virili</span> <span class='ocrx_word' id='word_1_84' title='bbox 1865 1869 2071 1920; x_wconf 86' lang='lat' dir='ltr'>adsumpto</span> <span class='ocrx_word' id='word_1_85' title='bbox 2092 1870 2232 1920; x_wconf 88' lang='lat' dir='ltr'>spiritu</span> 
     </span>
     <span class='ocr_line' id='line_1_11' title="bbox 386 1941 2232 2005; baseline 0 -12"><span class='ocrx_word' id='word_1_86' title='bbox 386 1941 646 2004; x_wconf 52' lang='lat' dir='ltr'>exsurgentes.</span> <span class='ocrx_word' id='word_1_87' title='bbox 701 1954 838 1994; x_wconf 80' lang='lat' dir='ltr'>Testes</span> <span class='ocrx_word' id='word_1_88' title='bbox 867 1954 950 1993; x_wconf 87' lang='lat' dir='ltr'>eius</span> <span class='ocrx_word' id='word_1_89' title='bbox 977 1953 1034 1991; x_wconf 83' lang='lat' dir='ltr'>rei</span> <span class='ocrx_word' id='word_1_90' title='bbox 1060 1964 1145 1991; x_wconf 87' lang='lat' dir='ltr'>esse</span> <span class='ocrx_word' id='word_1_91' title='bbox 1173 1952 1370 1998; x_wconf 81' lang='lat' dir='ltr'>Medeam,</span> <span class='ocrx_word' id='word_1_92' title='bbox 1397 1952 1697 2001; x_wconf 80' lang='lat' dir='ltr'><strong>Penthesileam,</strong></span> <span class='ocrx_word' id='word_1_93' title='bbox 1728 1954 1944 2005; x_wconf 77' lang='lat' dir='ltr'><strong>Omphalen</strong></span> <span class='ocrx_word' id='word_1_94' title='bbox 1971 1965 2067 2005; x_wconf 86' lang='lat' dir='ltr'>quae</span> <span class='ocrx_word' id='word_1_95' title='bbox 2096 1954 2232 1993; x_wconf 86' lang='lat' dir='ltr'>heroas</span> 
     </span>
     <span class='ocr_line' id='line_1_12' title="bbox 385 2036 2231 2091; baseline 0 -13"><span class='ocrx_word' id='word_1_96' title='bbox 385 2049 560 2078; x_wconf 90' lang='lat' dir='ltr'>summos</span> <span class='ocrx_word' id='word_1_97' title='bbox 586 2039 722 2090; x_wconf 87' lang='lat' dir='ltr'>iugum</span> <span class='ocrx_word' id='word_1_98' title='bbox 747 2038 830 2091; x_wconf 88' lang='lat' dir='ltr'>pati</span> <span class='ocrx_word' id='word_1_99' title='bbox 857 2038 1072 2090; x_wconf 74' lang='lat' dir='ltr'>coegerint,</span> <span class='ocrx_word' id='word_1_100' title='bbox 1112 2038 1255 2076; x_wconf 83' lang='lat' dir='ltr'>testem</span> <span class='ocrx_word' id='word_1_101' title='bbox 1290 2036 1541 2083; x_wconf 84' lang='lat' dir='ltr'>Semiramin,</span> <span class='ocrx_word' id='word_1_102' title='bbox 1579 2039 1722 2078; x_wconf 82' lang='lat' dir='ltr'>testem</span> <span class='ocrx_word' id='word_1_103' title='bbox 1758 2038 1921 2090; x_wconf 90' lang='lat' dir='ltr'>denique</span> <span class='ocrx_word' id='word_1_104' title='bbox 1948 2039 2231 2091; x_wconf 84' lang='lat' dir='ltr'>Aegyptiorum</span> 
     </span>
     <span class='ocr_line' id='line_1_13' title="bbox 386 2121 1954 2178; baseline -0.001 -15"><span class='ocrx_word' id='word_1_105' title='bbox 386 2124 561 2178; x_wconf 83' lang='lat' dir='ltr'>reginam</span> <span class='ocrx_word' id='word_1_106' title='bbox 589 2133 686 2176; x_wconf 86' lang='lat' dir='ltr'>quae</span> <span class='ocrx_word' id='word_1_107' title='bbox 711 2123 794 2162; x_wconf 89' lang='lat' dir='ltr'>illis</span> <span class='ocrx_word' id='word_1_108' title='bbox 817 2123 914 2176; x_wconf 87' lang='lat' dir='ltr'>ipsis</span> <span class='ocrx_word' id='word_1_109' title='bbox 942 2121 1181 2174; x_wconf 79' lang='lat' dir='ltr'>temporibus</span> <span class='ocrx_word' id='word_1_110' title='bbox 1209 2121 1395 2160; x_wconf 83' lang='lat' dir='ltr'>Romanis</span> <span class='ocrx_word' id='word_1_111' title='bbox 1422 2121 1625 2172; x_wconf 86' lang='lat' dir='ltr'>opprobria</span> <span class='ocrx_word' id='word_1_112' title='bbox 1651 2123 1770 2160; x_wconf 89' lang='lat' dir='ltr'>armis</span> <span class='ocrx_word' id='word_1_113' title='bbox 1798 2123 1954 2170; x_wconf 86' lang='lat' dir='ltr'>vexerit,</span> 
     </span>
    </p>

    <p class='ocr_par' dir='ltr' id='par_1_5' title="bbox 807 2206 1811 2344">
     <span class='ocr_line' id='line_1_14' title="bbox 807 2206 1811 2258; baseline -0.002 -10"><span class='ocrx_word' id='word_1_114' title='bbox 807 2208 915 2248; x_wconf 83' lang='lat' dir='ltr'>Ausa</span> <span class='ocrx_word' id='word_1_115' title='bbox 939 2206 1025 2247; x_wconf 87' lang='lat' dir='ltr'>Iovi</span> <span class='ocrx_word' id='word_1_116' title='bbox 1051 2208 1183 2245; x_wconf 86' lang='lat' dir='ltr'>nostro</span> <span class='ocrx_word' id='word_1_117' title='bbox 1209 2206 1417 2245; x_wconf 82' lang='lat' dir='ltr'>latrantem</span> <span class='ocrx_word' id='word_1_118' title='bbox 1443 2215 1632 2258; x_wconf 87' lang='lat' dir='ltr'>opponere</span> <span class='ocrx_word' id='word_1_119' title='bbox 1656 2207 1811 2246; x_wconf 84' lang='lat' dir='ltr'>Anubin</span> 
     </span>
     <span class='ocr_line' id='line_1_15' title="bbox 917 2287 1732 2344; baseline 0.001 -14"><span class='ocrx_word' id='word_1_120' title='bbox 917 2290 968 2331; x_wconf 83' lang='lat' dir='ltr'>Et</span> <span class='ocrx_word' id='word_1_121' title='bbox 993 2288 1171 2330; x_wconf 83' lang='lat' dir='ltr'>Tiberim</span> <span class='ocrx_word' id='word_1_122' title='bbox 1196 2288 1282 2330; x_wconf 86' lang='lat' dir='ltr'>Nili</span> <span class='ocrx_word' id='word_1_123' title='bbox 1310 2299 1445 2344; x_wconf 83' lang='lat' dir='ltr'>eogere</span> <span class='ocrx_word' id='word_1_124' title='bbox 1473 2287 1570 2328; x_wconf 88' lang='lat' dir='ltr'>ferre</span> <span class='ocrx_word' id='word_1_125' title='bbox 1596 2290 1732 2331; x_wconf 86' lang='lat' dir='ltr'>minas.</span> 
     </span>
    </p>

    <p class='ocr_par' dir='ltr' id='par_1_6' title="bbox 389 2371 2073 2430">
     <span class='ocr_line' id='line_1_16' title="bbox 389 2371 2073 2430; baseline -0.001 -11"><span class='ocrx_word' id='word_1_126' title='bbox 389 2377 444 2418; x_wconf 84' lang='lat' dir='ltr'>At</span> <span class='ocrx_word' id='word_1_127' title='bbox 472 2377 719 2430; x_wconf 88' lang='lat' dir='ltr'>quantumvis</span> <span class='ocrx_word' id='word_1_128' title='bbox 743 2375 905 2418; x_wconf 82' lang='lat' dir='ltr'>Romani</span> <span class='ocrx_word' id='word_1_129' title='bbox 933 2374 1118 2416; x_wconf 75' lang='lat' dir='ltr'>femineas</span> <span class='ocrx_word' id='word_1_130' title='bbox 1146 2373 1273 2415; x_wconf 80' lang='lat' dir='ltr'>minas</span> <span class='ocrx_word' id='word_1_131' title='bbox 1300 2371 1515 2422; x_wconf 78' lang='lat' dir='ltr'>timuerint,</span> <span class='ocrx_word' id='word_1_132' title='bbox 1542 2385 1642 2415; x_wconf 85' lang='lat' dir='ltr'>nunc</span> <span class='ocrx_word' id='word_1_133' title='bbox 1670 2376 1801 2416; x_wconf 90' lang='lat' dir='ltr'>omnia</span> <span class='ocrx_word' id='word_1_134' title='bbox 1830 2386 1913 2417; x_wconf 86' lang='lat' dir='ltr'>esse</span> <span class='ocrx_word' id='word_1_135' title='bbox 1941 2376 2073 2417; x_wconf 86' lang='lat' dir='ltr'>salva:</span> 
     </span>
    </p>

    <p class='ocr_par' dir='ltr' id='par_1_7' title="bbox 809 2459 1773 2597">
     <span class='ocr_line' id='line_1_17' title="bbox 809 2459 1751 2516; baseline -0.001 -14"><span class='ocrx_word' id='word_1_136' title='bbox 809 2460 1022 2502; x_wconf 71' lang='lat' dir='ltr'>Leucadius</span> <span class='ocrx_word' id='word_1_137' title='bbox 1051 2471 1179 2500; x_wconf 86' lang='lat' dir='ltr'>versas</span> <span class='ocrx_word' id='word_1_138' title='bbox 1208 2459 1311 2499; x_wconf 85' lang='lat' dir='ltr'>acies</span> <span class='ocrx_word' id='word_1_139' title='bbox 1337 2459 1570 2516; x_wconf 78' lang='lat' dir='ltr'>memorabit</span> <span class='ocrx_word' id='word_1_140' title='bbox 1597 2460 1751 2512; x_wconf 85' lang='lat' dir='ltr'>Apollo.</span> 
     </span>
     <span class='ocr_line' id='line_1_18' title="bbox 917 2544 1773 2597; baseline 0 -12"><span class='ocrx_word' id='word_1_141' title='bbox 917 2546 1086 2585; x_wconf 86' lang='lat' dir='ltr'>Tantum</span> <span class='ocrx_word' id='word_1_142' title='bbox 1114 2544 1240 2597; x_wconf 85' lang='lat' dir='ltr'>oper-is</span> <span class='ocrx_word' id='word_1_143' title='bbox 1268 2544 1364 2584; x_wconf 84' lang='lat' dir='ltr'>belli</span> <span class='ocrx_word' id='word_1_144' title='bbox 1390 2544 1553 2584; x_wconf 81' lang='lat' dir='ltr'>sustulit</span> <span class='ocrx_word' id='word_1_145' title='bbox 1575 2556 1651 2584; x_wconf 85' lang='lat' dir='ltr'>una</span> <span class='ocrx_word' id='word_1_146' title='bbox 1678 2546 1773 2586; x_wconf 85' lang='lat' dir='ltr'>dies.</span> 
     </span>
    </p>

    <p class='ocr_par' dir='ltr' id='par_1_8' title="bbox 807 2630 1778 2762">
     <span class='ocr_line' id='line_1_19' title="bbox 807 2630 1778 2683; baseline 0 -12"><span class='ocrx_word' id='word_1_147' title='bbox 807 2632 861 2671; x_wconf 91' lang='lat' dir='ltr'>At</span> <span class='ocrx_word' id='word_1_148' title='bbox 888 2634 932 2671; x_wconf 93' lang='lat' dir='ltr'>tu</span> <span class='ocrx_word' id='word_1_149' title='bbox 960 2632 1042 2671; x_wconf 86' lang='lat' dir='ltr'>sive</span> <span class='ocrx_word' id='word_1_150' title='bbox 1068 2632 1177 2683; x_wconf 81' lang='lat' dir='ltr'>petes</span> <span class='ocrx_word' id='word_1_151' title='bbox 1201 2630 1335 2681; x_wconf 85' lang='lat' dir='ltr'>portus</span> <span class='ocrx_word' id='word_1_152' title='bbox 1364 2640 1433 2668; x_wconf 83' lang='lat' dir='ltr'>seu</span> <span class='ocrx_word' id='word_1_153' title='bbox 1458 2630 1590 2670; x_wconf 82' lang='lat' dir='ltr'>navita</span> <span class='ocrx_word' id='word_1_154' title='bbox 1615 2631 1778 2682; x_wconf 84' lang='lat' dir='ltr'>linques,</span> 
     </span>
     <span class='ocr_line' id='line_1_20' title="bbox 919 2715 1681 2762; baseline -0.001 -6"><span class='ocrx_word' id='word_1_155' title='bbox 919 2718 1095 2757; x_wconf 85' lang='lat' dir='ltr'>Caesaris</span> <span class='ocrx_word' id='word_1_156' title='bbox 1121 2718 1161 2762; x_wconf 83' lang='lat' dir='ltr'>in</span> <span class='ocrx_word' id='word_1_157' title='bbox 1190 2716 1275 2754; x_wconf 77' lang='lat' dir='ltr'>toto</span> <span class='ocrx_word' id='word_1_158' title='bbox 1301 2715 1357 2754; x_wconf 88' lang='lat' dir='ltr'>sis</span> <span class='ocrx_word' id='word_1_159' title='bbox 1384 2725 1533 2755; x_wconf 86' lang='lat' dir='ltr'>memor</span> <span class='ocrx_word' id='word_1_160' title='bbox 1559 2716 1681 2755; x_wconf 90' lang='lat' dir='ltr'>Ionio.</span> 
     </span>
    </p>

    <p class='ocr_par' dir='ltr' id='par_1_9' title="bbox 552 2800 2239 2854">
     <span class='ocr_line' id='line_1_21' title="bbox 552 2800 2239 2854; baseline 0 -14"><span class='ocrx_word' id='word_1_161' title='bbox 552 2800 626 2840; x_wconf 77' lang='lat' dir='ltr'>His</span> <span class='ocrx_word' id='word_1_162' title='bbox 671 2802 846 2842; x_wconf 71' lang='lat' dir='ltr'>versibus</span> <span class='ocrx_word' id='word_1_163' title='bbox 887 2802 1021 2841; x_wconf 84' lang='lat' dir='ltr'>finitur</span> <span class='ocrx_word' id='word_1_164' title='bbox 1062 2812 1216 2841; x_wconf 80' lang='lat' dir='ltr'>carmen</span> <span class='ocrx_word' id='word_1_165' title='bbox 1257 2800 1565 2847; x_wconf 76' lang='lat' dir='ltr'>nobilissimum3</span> <span class='ocrx_word' id='word_1_166' title='bbox 1609 2801 1677 2841; x_wconf 87' lang='lat' dir='ltr'>sed</span> <span class='ocrx_word' id='word_1_167' title='bbox 1716 2803 1800 2854; x_wconf 88' lang='lat' dir='ltr'>ipsa</span> <span class='ocrx_word' id='word_1_168' title='bbox 1836 2801 1977 2840; x_wconf 86' lang='lat' dir='ltr'>ultima</span> <span class='ocrx_word' id='word_1_169' title='bbox 2012 2801 2127 2841; x_wconf 89' lang='lat' dir='ltr'>verba</span> <span class='ocrx_word' id='word_1_170' title='bbox 2165 2801 2239 2840; x_wconf 83' lang='lat' dir='ltr'>ali·</span> 
     </span>
    </p>
   </div>
   <div class='ocr_carea' id='block_1_5' title="bbox 391 2886 2240 2984">
    <p class='ocr_par' dir='ltr' id='par_1_10' title="bbox 391 2886 2240 2984">
     <span class='ocr_line' id='line_1_22' title="bbox 391 2886 2240 2938; baseline -0.001 -12"><span class='ocrx_word' id='word_1_171' title='bbox 391 2886 621 2937; x_wconf 89' lang='lat' dir='ltr'>quantulum</span> <span class='ocrx_word' id='word_1_172' title='bbox 648 2886 801 2938; x_wconf 78' lang='lat' dir='ltr'>frigent.</span> <span class='ocrx_word' id='word_1_173' title='bbox 857 2886 955 2926; x_wconf 85' lang='lat' dir='ltr'>Cum</span> <span class='ocrx_word' id='word_1_174' title='bbox 988 2887 1092 2926; x_wconf 87' lang='lat' dir='ltr'>enim</span> <span class='ocrx_word' id='word_1_175' title='bbox 1131 2887 1245 2926; x_wconf 88' lang='lat' dir='ltr'>verba</span> <span class='ocrx_word' id='word_1_176' title='bbox 1269 2886 1322 2925; x_wconf 83' lang='lat' dir='ltr'>‘in</span> <span class='ocrx_word' id='word_1_177' title='bbox 1358 2886 1442 2926; x_wconf 87' lang='lat' dir='ltr'>toto</span> <span class='ocrx_word' id='word_1_178' title='bbox 1470 2886 1525 2926; x_wconf 86' lang='lat' dir='ltr'>sis</span> <span class='ocrx_word' id='word_1_179' title='bbox 1552 2897 1701 2926; x_wconf 88' lang='lat' dir='ltr'>memor</span> <span class='ocrx_word' id='word_1_180' title='bbox 1733 2886 1853 2926; x_wconf 86' lang='lat' dir='ltr'>Ionio&#39;</span> <span class='ocrx_word' id='word_1_181' title='bbox 1879 2897 1955 2925; x_wconf 92' lang='lat' dir='ltr'>non</span> <span class='ocrx_word' id='word_1_182' title='bbox 1977 2886 2128 2938; x_wconf 89' lang='lat' dir='ltr'>possint</span> <span class='ocrx_word' id='word_1_183' title='bbox 2157 2886 2240 2925; x_wconf 90' lang='lat' dir='ltr'>sine</span> 
     </span>
     <span class='ocr_line' id='line_1_23' title="bbox 487 2951 1978 2984; baseline 0 0"><span class='ocrx_word' id='word_1_184' title='bbox 487 2963 494 2971; x_wconf 65' lang='lat'><em>⁷</em></span> <span class='ocrx_word' id='word_1_185' title='bbox 1955 2951 1978 2984; x_wconf 76' lang='lat'><strong>2</strong></span> 
     </span>
    </p>
   </div>
   <div class='ocr_carea' id='block_1_6' title="bbox 0 3245 2766 3426">
    <p class='ocr_par' dir='ltr' id='par_1_11' title="bbox 0 3245 2766 3426">
     <span class='ocr_line' id='line_1_24' title="bbox 0 3245 2766 3426; baseline 0 0"><span class='ocrx_word' id='word_1_186' title='bbox 0 3245 2766 3426; x_wconf 95' lang='lat' dir='ltr'> </span> 
     </span>
    </p>
   </div>
  </div>
 </body>
</html>
