2766 3426
488 913 835 1006 ucmopmoet
876 910 2356 1009 nmmufinfime'nnomomnmmffloamqmbns

494 1035 637 1078 hm
675 1038 863 1079 veum
874 1030 2225 1094 mmnmovmpessmm‚qmmnuna
2265 1038 2354 1078 tan-

495 1114 1355 1166 mnodoumnffiumm

887 1200 1011 1247 Huc
1035 1205 1181 1249 iteum
1204 1204 1256 1248 nd
1276 1203 1432 1268 lapidee
1458 1217 1554 1248 cana
1574 1205 1663 1247 veni
1688 1216 1893 1257 memores.

659 1576 836 1628 Increpat
854 1576 1078 1628 Propertius
1097 1577 1277 1625 amicam,
1303 1577 1404 1629 quod
1433 1576 1597 1638 infectos
1615 1576 1823 1618 Britannos
1842 1576 2031 1617 imitando
2058 1578 2173 1629 caput
2197 1578 2352 1617 externo

498 1664 625 1703 nitore
652 1664 782 1713 tingat
816 1665 856 1703 et
882 1664 1036 1714 turpem
1070 1666 1110 1705 in
1138 1665 1314 1705 Romana
1340 1664 1486 1703 femina
1513 1663 1683 1703 colorem
1708 1662 1913 1715 Belgicam
1949 1662 2072 1702 comis
2101 1662 2354 1702 ementiatur:

501 1747 577 1800 [III
609 1748 669 1794 18,
700 1747 763 1785 27.
766 1753 782 1803 J

925 1837 992 1876 Illi
1024 1837 1094 1876 sub
1120 1837 1235 1875 terris
1263 1836 1359 1875 fiant
1386 1836 1490 1874 mala
1515 1835 1641 1874 multa
1668 1834 1819 1885 puellae

1029 1922 1135 1971 Quae
1163 1921 1329 1961 mentita
1355 1932 1444 1959 suas
1473 1920 1592 1958 vertit
1614 1920 1743 1970 inepte
1772 1931 1913 1958 comas.

929 2006 985 2045 De
1023 2019 1085 2046 me
1113 2006 1170 2046 mi
1198 2007 1301 2046 certe
1326 2005 1471 2057 poteris
1498 2004 1666 2044 formosa
1693 2004 1827 2051 videri,

1028 2092 1086 2131 Mi
1113 2092 1282 2131 formosa
1310 2090 1419 2136 satis,
1448 2090 1483 2129 si
1511 2090 1625 2128 modo
1655 2101 1767 2140 saepe
1793 2090 1912 2128 venis.

504 2200 567 2237 An
605 2200 702 2237 satis
740 2199 861 2238 latine
897 2200 974 2238 dici
1009 2200 1134 2250 possit
1167 2199 1226 2237 ‘de
1260 2210 1323 2237 me
1360 2199 1460 2237 mibi
1488 2199 1656 2236 formosa
1683 2198 1806 2237 videri
1833 2198 1989 2249 poteris'
2016 2200 2165 2237 neseio:
2208 2198 2248 2236 id
2277 2197 2356 2235 scio

501 2284 601 2323 hanc
642 2284 876 2324 sententiam
917 2284 964 2323 ‘si
1001 2285 1115 2324 modo
1161 2295 1274 2336 saepe
1315 2284 1422 2324 venis
1461 2283 1660 2335 poteris
1699 2283 1799 2323 mihi
1839 2283 2009 2323 formosa
2048 2281 2224 2323 videri'
2261 2280 2357 2320 satis

502 2369 632 2419 inepte
668 2380 751 2407 esse
787 2369 1076 2412 coniormatam,
1131 2368 1235 2408 Nam
1268 2370 1485 2409 amantium
1521 2369 1643 2409 indoli
1676 2370 1785 2408 unice
1812 2370 1946 2420 aptum
1975 2370 2035 2409 est
2062 2370 2107 2409 ut
2133 2366 2357 2419 Propertius

502 2454 607 2494 dicat
653 2454 820 2495 amicam
866 2455 964 2495 satis
1014 2454 1071 2495 sic
1116 2454 1325 2494 formosam
1375 2468 1481 2496 esse
1522 2455 1556 2495 si
1592 2466 1704 2506 saepe
1743 2454 1902 2495 venerit.
1958 2454 2044 2494 Hoc
2071 2454 2138 2506 qui
2164 2451 2359 2494 intellexit

503 2541 689 2578 Heinsius
717 2541 887 2590 eleganti
915 2545 955 2579 et
982 2540 1157 2591 perfacili
1186 2541 1453 2580 emendatione
1477 2542 1764 2593 pentametrum
1790 2541 1847 2579 sic
1872 2541 2068 2580 restituit:

952 2626 1010 2664 Mi
1032 2625 1199 2665 formosa
1227 2627 1289 2665 sat
1318 2638 1371 2671 es,
1400 2627 1434 2665 si
1460 2626 1575 2665 modo
1606 2636 1718 2676 saepe
1747 2625 1866 2664 venis.

505 2711 580 2750 Sed
623 2712 716 2762 quid
745 2722 846 2749 nunc
880 2711 948 2750 fiet
989 2722 1103 2750 versu
1144 2712 1211 2762 qui
1252 2711 1474 2750 antecedit?
1529 2711 1631 2749 Nam
1662 2710 1775 2749 verba
1811 2711 1876 2749 ‘de
1905 2723 1967 2750 me
1995 2712 2051 2750 mi
2080 2712 2183 2750 certe
2212 2710 2358 2762 poteris

504 2796 674 2836 formosa
709 2796 842 2836 videri'
879 2797 943 2836 vix
975 2797 1090 2836 aliter
1124 2797 1302 2850 intellegi
1336 2798 1499 2848 possunt
1525 2796 1602 2835 nisi
1631 2796 1706 2836 ita:
1746 2796 1846 2847 quod
1870 2797 1918 2835 ad
1946 2808 2009 2836 me
2037 2796 2187 2836 adtinet
2213 2796 2359 2848 poteris

504 2882 608 2920 certe
646 2880 746 2920 mihi
785 2881 955 2921 formosa
994 2881 1133 2928 videri,
1177 2882 1360 2922 videlicet
1397 2882 1431 2921 si
1456 2868 1608 2921 caerulo
1637 2883 1723 2922 fuco
1750 2883 1926 2933 tempora
1953 2882 2127 2928 timeris,
2169 2881 2236 2921 sed
2264 2882 2360 2921 satis
